,Date,Time,MidPrice,LastPrice,Volume,BidPrice1,BidVolume1,AskPrice1,AskVolume1
0,2018-06-01,09:30:01,3.7865,3.786,1081100.0,3.786,21500.0,3.787,12900.0
1,2018-06-01,09:30:04,3.7835,3.784,1425900.0,3.783,44200.0,3.784,119200.0
2,2018-06-01,09:30:07,3.7835,3.784,1485500.0,3.783,42700.0,3.784,61100.0
3,2018-06-01,09:30:10,3.7845,3.785,1551600.0,3.784,145900.0,3.785,16900.0
4,2018-06-01,09:30:13,3.7835,3.784,2063300.0,3.783,347700.0,3.784,200100.0
5,2018-06-01,09:30:16,3.7835,3.784,2408600.0,3.783,352600.0,3.784,70700.0
6,2018-06-01,09:30:19,3.7859999999999996,3.785,2494800.0,3.784,415000.0,3.788,5800.0
7,2018-06-01,09:30:22,3.7859999999999996,3.785,2494800.0,3.784,133200.0,3.788,85900.0
8,2018-06-01,09:30:25,3.7859999999999996,3.784,2611500.0,3.784,16500.0,3.788,85900.0
9,2018-06-01,09:30:28,3.7855,3.784,2619200.0,3.784,8800.0,3.787,80100.0
10,2018-06-01,09:30:31,3.7859999999999996,3.784,2619200.0,3.784,31800.0,3.788,85900.0
11,2018-06-01,09:30:34,3.787,3.784,2619200.0,3.786,2000.0,3.788,85900.0
12,2018-06-01,09:30:37,3.7874999999999996,3.787,2619600.0,3.787,600.0,3.788,5800.0
13,2018-06-01,09:30:40,3.7855,3.786,2622000.0,3.785,31700.0,3.786,9300.0
14,2018-06-01,09:30:43,3.7855,3.786,2622100.0,3.785,31700.0,3.786,9200.0
15,2018-06-01,09:30:46,3.7845,3.785,2660100.0,3.784,351800.0,3.785,47000.0
16,2018-06-01,09:30:49,3.7845,3.785,2662100.0,3.784,367300.0,3.785,76100.0
17,2018-06-01,09:30:52,3.7835,3.784,3039500.0,3.783,372000.0,3.784,31400.0
18,2018-06-01,09:30:55,3.784,3.785,3043500.0,3.783,371600.0,3.785,72100.0
19,2018-06-01,09:30:58,3.7835,3.784,3061200.0,3.783,371600.0,3.784,575000.0
20,2018-06-01,09:31:01,3.7835,3.784,3385400.0,3.783,68400.0,3.784,254100.0
21,2018-06-01,09:31:04,3.7845,3.785,3640300.0,3.784,349900.0,3.785,38200.0
22,2018-06-01,09:31:07,3.7845,3.785,3689000.0,3.784,310200.0,3.785,29300.0
23,2018-06-01,09:31:10,3.7845,3.785,3690400.0,3.784,310200.0,3.785,27900.0
24,2018-06-01,09:31:13,3.7845,3.784,3968800.0,3.784,36900.0,3.785,22800.0
25,2018-06-01,09:31:16,3.7855,3.785,3991600.0,3.785,13200.0,3.786,26100.0
26,2018-06-01,09:31:19,3.7855,3.785,4008800.0,3.785,6000.0,3.786,18600.0
27,2018-06-01,09:31:22,3.785,3.784,4028300.0,3.784,382900.0,3.786,18600.0
28,2018-06-01,09:31:25,3.7855,3.786,4033800.0,3.785,302800.0,3.786,13600.0
29,2018-06-01,09:31:28,3.7845,3.785,4048000.0,3.784,383900.0,3.785,239200.0
30,2018-06-01,09:31:31,3.7855,3.785,4294000.0,3.785,500.0,3.786,13600.0
31,2018-06-01,09:31:34,3.7845,3.785,4295600.0,3.784,385100.0,3.785,9500.0
32,2018-06-01,09:31:37,3.7865,3.787,4324300.0,3.786,33700.0,3.787,3300.0
33,2018-06-01,09:31:40,3.7865,3.786,4324400.0,3.786,33600.0,3.787,3300.0
34,2018-06-01,09:31:43,3.787,3.788,4335600.0,3.786,33600.0,3.788,101400.0
35,2018-06-01,09:31:46,3.787,3.786,4341800.0,3.786,27400.0,3.788,101400.0
36,2018-06-01,09:31:49,3.7874999999999996,3.786,4342200.0,3.787,300.0,3.788,101400.0
37,2018-06-01,09:31:52,3.7874999999999996,3.786,4342200.0,3.787,400.0,3.788,101400.0
38,2018-06-01,09:31:55,3.7874999999999996,3.788,4344200.0,3.787,400.0,3.788,99400.0
39,2018-06-01,09:31:58,3.7885,3.788,4443600.0,3.788,157000.0,3.789,11700.0
40,2018-06-01,09:32:01,3.7885,3.789,4473600.0,3.788,137100.0,3.789,1600.0
41,2018-06-01,09:32:04,3.7885,3.789,4473600.0,3.788,147100.0,3.789,1600.0
42,2018-06-01,09:32:07,3.7874999999999996,3.788,4624700.0,3.787,1400.0,3.788,47600.0
43,2018-06-01,09:32:10,3.7874999999999996,3.788,4626700.0,3.787,1400.0,3.788,11600.0
44,2018-06-01,09:32:13,3.7874999999999996,3.788,4626700.0,3.787,1100.0,3.788,71600.0
45,2018-06-01,09:32:16,3.787,3.788,4638200.0,3.786,24500.0,3.788,58500.0
46,2018-06-01,09:32:19,3.7865,3.786,4639000.0,3.786,23700.0,3.787,70000.0
47,2018-06-01,09:32:22,3.7865,3.787,4649000.0,3.786,23700.0,3.787,60000.0
48,2018-06-01,09:32:25,3.7865,3.787,4649000.0,3.786,23700.0,3.787,60000.0
49,2018-06-01,09:32:28,3.7865,3.787,4653400.0,3.786,33700.0,3.787,55600.0
50,2018-06-01,09:32:31,3.7865,3.787,4656400.0,3.786,33700.0,3.787,52800.0
51,2018-06-01,09:32:34,3.7855,3.786,4715100.0,3.785,97500.0,3.786,6000.0
52,2018-06-01,09:32:37,3.7865,3.787,4734600.0,3.786,40000.0,3.787,11200.0
53,2018-06-01,09:32:40,3.7874999999999996,3.788,4795900.0,3.787,80800.0,3.788,563700.0
54,2018-06-01,09:32:43,3.7874999999999996,3.788,4795900.0,3.787,30000.0,3.788,563700.0
55,2018-06-01,09:32:46,3.7874999999999996,3.787,4800800.0,3.787,25100.0,3.788,562700.0
56,2018-06-01,09:32:49,3.7874999999999996,3.788,4990800.0,3.787,25100.0,3.788,372700.0
57,2018-06-01,09:32:52,3.7874999999999996,3.787,4991800.0,3.787,34200.0,3.788,372700.0
58,2018-06-01,09:32:55,3.7874999999999996,3.788,4999800.0,3.787,37200.0,3.788,264700.0
59,2018-06-01,09:32:58,3.7874999999999996,3.788,5004400.0,3.787,37200.0,3.788,270100.0
60,2018-06-01,09:33:01,3.787,3.786,5244600.0,3.786,73500.0,3.788,109900.0
61,2018-06-01,09:33:04,3.7874999999999996,3.787,5295900.0,3.787,2000.0,3.788,22800.0
62,2018-06-01,09:33:07,3.7865,3.787,5306900.0,3.786,74000.0,3.787,31600.0
63,2018-06-01,09:33:10,3.7865,3.787,5320500.0,3.786,74000.0,3.787,19600.0
64,2018-06-01,09:33:13,3.7865,3.786,5320700.0,3.786,73800.0,3.787,51300.0
65,2018-06-01,09:33:16,3.7865,3.786,5320700.0,3.786,73800.0,3.787,51300.0
66,2018-06-01,09:33:19,3.7865,3.787,5321300.0,3.786,73800.0,3.787,50700.0
67,2018-06-01,09:33:22,3.7865,3.787,5360800.0,3.786,57800.0,3.787,107500.0
68,2018-06-01,09:33:25,3.7855,3.786,5419100.0,3.785,81500.0,3.786,148000.0
69,2018-06-01,09:33:28,3.7845,3.786,5764000.0,3.784,135500.0,3.785,80100.0
70,2018-06-01,09:33:31,3.7855,3.786,6290000.0,3.785,99400.0,3.786,127200.0
71,2018-06-01,09:33:34,3.784,3.784,6421400.0,3.783,92300.0,3.785,121100.0
72,2018-06-01,09:33:37,3.7835,3.785,6422200.0,3.783,92300.0,3.784,100000.0
73,2018-06-01,09:33:40,3.7824999999999998,3.782,6521400.0,3.782,216400.0,3.783,132300.0
74,2018-06-01,09:33:43,3.782,3.783,6797300.0,3.781,101900.0,3.783,192900.0
75,2018-06-01,09:33:46,3.7824999999999998,3.783,6798600.0,3.782,104500.0,3.783,191600.0
76,2018-06-01,09:33:49,3.7835,3.784,6811100.0,3.783,1600.0,3.784,70800.0
77,2018-06-01,09:33:52,3.7824999999999998,3.783,6902800.0,3.782,44500.0,3.783,29900.0
78,2018-06-01,09:33:55,3.7815000000000003,3.782,6947300.0,3.781,101900.0,3.782,5100.0
79,2018-06-01,09:33:58,3.7815000000000003,3.781,6967800.0,3.781,81900.0,3.782,4600.0
80,2018-06-01,09:34:01,3.7815000000000003,3.782,7014000.0,3.781,54700.0,3.782,98800.0
81,2018-06-01,09:34:04,3.7815000000000003,3.782,7040000.0,3.781,54700.0,3.782,87300.0
82,2018-06-01,09:34:07,3.7815000000000003,3.782,7040000.0,3.781,55300.0,3.782,167400.0
83,2018-06-01,09:34:10,3.7815000000000003,3.782,7041800.0,3.781,356300.0,3.782,165600.0
84,2018-06-01,09:34:13,3.7815000000000003,3.781,7071900.0,3.781,370400.0,3.782,135600.0
85,2018-06-01,09:34:16,3.7815000000000003,3.781,7071900.0,3.781,420700.0,3.782,135600.0
86,2018-06-01,09:34:19,3.7815000000000003,3.781,7152300.0,3.781,52000.0,3.782,135500.0
87,2018-06-01,09:34:22,3.7805,3.781,7204600.0,3.78,95700.0,3.781,39700.0
88,2018-06-01,09:34:25,3.7805,3.781,7209700.0,3.78,99100.0,3.781,13400.0
89,2018-06-01,09:34:28,3.7815000000000003,3.782,7235300.0,3.781,16000.0,3.782,38200.0
90,2018-06-01,09:34:31,3.7805,3.781,7343300.0,3.78,399600.0,3.781,30200.0
91,2018-06-01,09:34:34,3.782,3.781,7373500.0,3.781,42500.0,3.783,100000.0
92,2018-06-01,09:34:37,3.782,3.781,7393500.0,3.781,45200.0,3.783,100000.0
93,2018-06-01,09:34:40,3.782,3.781,7393500.0,3.781,47700.0,3.783,100000.0
94,2018-06-01,09:34:43,3.782,3.781,7409600.0,3.781,220600.0,3.783,100000.0
95,2018-06-01,09:34:46,3.7824999999999998,3.781,7435800.0,3.782,10000.0,3.783,180100.0
96,2018-06-01,09:34:49,3.782,3.783,7458100.0,3.781,192400.0,3.783,99700.0
97,2018-06-01,09:34:52,3.7824999999999998,3.783,7458100.0,3.782,1100.0,3.783,99700.0
98,2018-06-01,09:34:55,3.782,3.783,7466800.0,3.781,190000.0,3.783,97500.0
99,2018-06-01,09:34:58,3.782,3.781,7498000.0,3.781,190300.0,3.783,156400.0
100,2018-06-01,09:35:01,3.7835,3.783,7581300.0,3.783,33100.0,3.784,20000.0
101,2018-06-01,09:35:04,3.7835,3.783,7585300.0,3.783,29700.0,3.784,20000.0
102,2018-06-01,09:35:07,3.7835,3.783,7594700.0,3.783,20300.0,3.784,100100.0
103,2018-06-01,09:35:10,3.7835,3.784,7602700.0,3.783,20300.0,3.784,12000.0
104,2018-06-01,09:35:13,3.7824999999999998,3.783,7675200.0,3.782,87100.0,3.783,491000.0
105,2018-06-01,09:35:16,3.784,3.785,8179200.0,3.783,82400.0,3.785,84600.0
106,2018-06-01,09:35:19,3.7845,3.785,8179200.0,3.784,14700.0,3.785,90200.0
107,2018-06-01,09:35:22,3.786,3.785,8242200.0,3.785,180300.0,3.787,27200.0
108,2018-06-01,09:35:25,3.786,3.785,8242200.0,3.785,180300.0,3.787,27200.0
109,2018-06-01,09:35:28,3.7874999999999996,3.787,8274400.0,3.787,22900.0,3.788,33600.0
110,2018-06-01,09:35:31,3.7874999999999996,3.787,8279300.0,3.787,29600.0,3.788,33600.0
111,2018-06-01,09:35:34,3.7874999999999996,3.788,8284300.0,3.787,29600.0,3.788,28600.0
112,2018-06-01,09:35:37,3.7865,3.788,8364400.0,3.785,1066400.0,3.788,28500.0
113,2018-06-01,09:35:40,3.7874999999999996,3.788,8364400.0,3.787,5200.0,3.788,28500.0
114,2018-06-01,09:35:43,3.7874999999999996,3.788,8414800.0,3.787,12200.0,3.788,53400.0
115,2018-06-01,09:35:46,3.7895000000000003,3.789,8731300.0,3.789,638500.0,3.79,517000.0
116,2018-06-01,09:35:49,3.7895000000000003,3.789,8731400.0,3.789,638400.0,3.79,517000.0
117,2018-06-01,09:35:52,3.7895000000000003,3.789,8731900.0,3.789,638000.0,3.79,597100.0
118,2018-06-01,09:35:55,3.791,3.79,9329000.0,3.79,52900.0,3.792,304400.0
119,2018-06-01,09:35:58,3.7904999999999998,3.79,9333000.0,3.79,48900.0,3.791,80100.0
120,2018-06-01,09:36:01,3.7904999999999998,3.79,9333000.0,3.79,348900.0,3.791,80100.0
121,2018-06-01,09:36:04,3.7904999999999998,3.79,9333000.0,3.79,353900.0,3.791,80200.0
122,2018-06-01,09:36:07,3.7904999999999998,3.791,9668100.0,3.79,24000.0,3.791,1600.0
123,2018-06-01,09:36:10,3.79,3.789,9783200.0,3.789,557900.0,3.791,300000.0
124,2018-06-01,09:36:13,3.7904999999999998,3.79,9876100.0,3.789,477800.0,3.792,251700.0
125,2018-06-01,09:36:16,3.7885,3.789,10353900.0,3.788,44900.0,3.789,422200.0
126,2018-06-01,09:36:19,3.7885,3.789,10360900.0,3.788,5000.0,3.789,293000.0
127,2018-06-01,09:36:22,3.7895000000000003,3.79,10654900.0,3.789,307000.0,3.79,79100.0
128,2018-06-01,09:36:25,3.7895000000000003,3.79,10737000.0,3.789,228100.0,3.79,78100.0
129,2018-06-01,09:36:28,3.7895000000000003,3.79,10738300.0,3.789,228100.0,3.79,76800.0
130,2018-06-01,09:36:31,3.7904999999999998,3.789,10741800.0,3.789,233600.0,3.792,251700.0
131,2018-06-01,09:36:34,3.7904999999999998,3.792,11241800.0,3.789,232400.0,3.792,380100.0
132,2018-06-01,09:36:37,3.7895000000000003,3.792,11241800.0,3.789,252400.0,3.79,100.0
133,2018-06-01,09:36:40,3.7904999999999998,3.79,11241900.0,3.79,29900.0,3.791,80100.0
134,2018-06-01,09:36:43,3.7904999999999998,3.791,11244500.0,3.79,29900.0,3.791,77500.0
135,2018-06-01,09:36:46,3.791,3.791,11244500.0,3.79,830000.0,3.792,85900.0
136,2018-06-01,09:36:49,3.7915,3.79,11331500.0,3.79,833500.0,3.793,390500.0
137,2018-06-01,09:36:52,3.7915,3.792,11332100.0,3.791,16500.0,3.792,84500.0
138,2018-06-01,09:36:55,3.7915,3.792,11332100.0,3.791,16500.0,3.792,84500.0
139,2018-06-01,09:36:58,3.7915,3.792,11332100.0,3.791,26500.0,3.792,84500.0
140,2018-06-01,09:37:01,3.7904999999999998,3.791,11360000.0,3.79,35400.0,3.791,52200.0
141,2018-06-01,09:37:04,3.791,3.791,11360000.0,3.79,19900.0,3.792,385200.0
142,2018-06-01,09:37:07,3.7904999999999998,3.791,11363200.0,3.79,19300.0,3.791,77500.0
143,2018-06-01,09:37:10,3.7904999999999998,3.791,11363200.0,3.79,24300.0,3.791,377500.0
144,2018-06-01,09:37:13,3.7895000000000003,3.79,11391700.0,3.789,24300.0,3.79,115900.0
145,2018-06-01,09:37:16,3.79,3.79,11394300.0,3.789,24300.0,3.791,630100.0
146,2018-06-01,09:37:19,3.7904999999999998,3.791,11403300.0,3.79,300.0,3.791,336100.0
147,2018-06-01,09:37:22,3.7904999999999998,3.791,11403900.0,3.79,300.0,3.791,255400.0
148,2018-06-01,09:37:25,3.7895000000000003,3.79,11404200.0,3.789,24300.0,3.79,122100.0
149,2018-06-01,09:37:28,3.7885,3.789,11472600.0,3.788,6000.0,3.789,40200.0
150,2018-06-01,09:37:31,3.7889999999999997,3.79,11477000.0,3.788,6000.0,3.79,119700.0
151,2018-06-01,09:37:34,3.7885,3.79,11477000.0,3.788,6000.0,3.789,900.0
152,2018-06-01,09:37:37,3.7895000000000003,3.789,11490000.0,3.789,88700.0,3.79,39600.0
153,2018-06-01,09:37:40,3.7885,3.788,11681400.0,3.788,814300.0,3.789,414100.0
154,2018-06-01,09:37:43,3.7874999999999996,3.788,12496700.0,3.787,17300.0,3.788,39000.0
155,2018-06-01,09:37:46,3.7865,3.787,12544400.0,3.786,111700.0,3.787,89700.0
156,2018-06-01,09:37:49,3.787,3.787,12544400.0,3.786,111700.0,3.788,119100.0
157,2018-06-01,09:37:52,3.7865,3.787,12544400.0,3.786,111900.0,3.787,900.0
158,2018-06-01,09:37:55,3.7855,3.786,12852800.0,3.785,1021700.0,3.786,50200.0
159,2018-06-01,09:37:58,3.7865,3.787,12864900.0,3.786,1001500.0,3.787,431100.0
160,2018-06-01,09:38:01,3.7865,3.787,12869200.0,3.786,101400.0,3.787,56900.0
161,2018-06-01,09:38:04,3.7865,3.787,13062300.0,3.786,900000.0,3.787,347300.0
162,2018-06-01,09:38:07,3.7865,3.787,13146000.0,3.786,926600.0,3.787,377400.0
163,2018-06-01,09:38:10,3.7865,3.786,13235100.0,3.786,846900.0,3.787,372100.0
164,2018-06-01,09:38:13,3.787,3.786,13245100.0,3.786,836900.0,3.788,119100.0
165,2018-06-01,09:38:16,3.7874999999999996,3.786,13245100.0,3.787,122100.0,3.788,39000.0
166,2018-06-01,09:38:19,3.7885,3.788,13245200.0,3.788,78900.0,3.789,114100.0
167,2018-06-01,09:38:22,3.7885,3.789,13250200.0,3.788,100.0,3.789,189200.0
168,2018-06-01,09:38:25,3.7885,3.789,13250200.0,3.788,100.0,3.789,109100.0
169,2018-06-01,09:38:28,3.7889999999999997,3.788,13335300.0,3.788,678500.0,3.79,360400.0
170,2018-06-01,09:38:31,3.7889999999999997,3.788,13430400.0,3.788,583400.0,3.79,440500.0
171,2018-06-01,09:38:34,3.7885,3.788,13602300.0,3.788,423200.0,3.789,380100.0
172,2018-06-01,09:38:37,3.7904999999999998,3.79,14042800.0,3.79,240000.0,3.791,540400.0
173,2018-06-01,09:38:40,3.7889999999999997,3.79,14298300.0,3.788,423200.0,3.79,104600.0
174,2018-06-01,09:38:43,3.7885,3.788,14568400.0,3.788,153100.0,3.789,80100.0
175,2018-06-01,09:38:46,3.7880000000000003,3.789,14570400.0,3.787,175300.0,3.789,78100.0
176,2018-06-01,09:38:49,3.7885,3.788,14573000.0,3.788,213400.0,3.789,2000.0
177,2018-06-01,09:38:52,3.7885,3.788,14573000.0,3.788,213600.0,3.789,91900.0
178,2018-06-01,09:38:55,3.7885,3.788,14573000.0,3.788,213600.0,3.789,11800.0
179,2018-06-01,09:38:58,3.7885,3.789,14583100.0,3.788,213600.0,3.789,1700.0
180,2018-06-01,09:39:01,3.7895000000000003,3.789,14584800.0,3.789,40100.0,3.79,107900.0
181,2018-06-01,09:39:04,3.7885,3.789,14624900.0,3.788,213600.0,3.789,40000.0
182,2018-06-01,09:39:07,3.7885,3.789,14624900.0,3.788,226600.0,3.789,40000.0
183,2018-06-01,09:39:10,3.7895000000000003,3.789,14664900.0,3.789,344600.0,3.79,358300.0
184,2018-06-01,09:39:13,3.7895000000000003,3.789,14906400.0,3.789,103100.0,3.79,358300.0
185,2018-06-01,09:39:16,3.7885,3.789,15159500.0,3.788,129300.0,3.789,210500.0
186,2018-06-01,09:39:19,3.7889999999999997,3.788,15240600.0,3.788,49200.0,3.79,608300.0
187,2018-06-01,09:39:22,3.7885,3.789,15240800.0,3.788,36200.0,3.789,79900.0
188,2018-06-01,09:39:25,3.7874999999999996,3.788,15277000.0,3.787,168300.0,3.788,400.0
189,2018-06-01,09:39:28,3.7874999999999996,3.788,15277400.0,3.787,148300.0,3.788,80100.0
190,2018-06-01,09:39:31,3.7889999999999997,3.79,15360200.0,3.788,43200.0,3.79,307600.0
191,2018-06-01,09:39:34,3.7895000000000003,3.79,15360200.0,3.789,23200.0,3.79,307600.0
192,2018-06-01,09:39:37,3.7895000000000003,3.79,15360200.0,3.789,10000.0,3.79,347100.0
193,2018-06-01,09:39:40,3.7895000000000003,3.79,15360200.0,3.789,20000.0,3.79,347100.0
194,2018-06-01,09:39:43,3.7895000000000003,3.79,15371800.0,3.789,20000.0,3.79,335500.0
195,2018-06-01,09:39:46,3.7895000000000003,3.79,15383400.0,3.789,20000.0,3.79,323900.0
196,2018-06-01,09:39:49,3.7895000000000003,3.79,15413400.0,3.789,20000.0,3.79,303900.0
197,2018-06-01,09:39:52,3.7895000000000003,3.79,15423400.0,3.789,10000.0,3.79,293900.0
198,2018-06-01,09:39:55,3.7895000000000003,3.789,15485000.0,3.789,878100.0,3.79,325500.0
199,2018-06-01,09:39:58,3.7895000000000003,3.789,15663100.0,3.789,700000.0,3.79,245400.0
200,2018-06-01,09:40:01,3.7895000000000003,3.79,15755600.0,3.789,645300.0,3.79,287700.0
201,2018-06-01,09:40:04,3.7895000000000003,3.789,15835700.0,3.789,565200.0,3.79,207600.0
202,2018-06-01,09:40:07,3.7880000000000003,3.789,16505900.0,3.787,144500.0,3.789,80100.0
203,2018-06-01,09:40:10,3.7880000000000003,3.788,16586000.0,3.787,144500.0,3.789,600000.0
204,2018-06-01,09:40:13,3.7885,3.788,16746200.0,3.788,739800.0,3.789,695600.0
205,2018-06-01,09:40:16,3.7874999999999996,3.787,17606600.0,3.787,63900.0,3.788,254000.0
206,2018-06-01,09:40:19,3.7874999999999996,3.786,17693200.0,3.787,10000.0,3.788,266300.0
207,2018-06-01,09:40:22,3.7865,3.786,17883400.0,3.786,859100.0,3.787,288600.0
208,2018-06-01,09:40:25,3.7865,3.787,17964400.0,3.786,779000.0,3.787,114600.0
209,2018-06-01,09:40:28,3.7865,3.786,18424600.0,3.786,618800.0,3.787,380100.0
210,2018-06-01,09:40:31,3.7865,3.786,19565100.0,3.786,378300.0,3.787,300000.0
211,2018-06-01,09:40:34,3.7855,3.785,20212400.0,3.785,668200.0,3.786,300000.0
212,2018-06-01,09:40:37,3.7855,3.785,20768900.0,3.785,112400.0,3.786,310900.0
213,2018-06-01,09:40:40,3.7835,3.784,20882300.0,3.783,438000.0,3.784,46900.0
214,2018-06-01,09:40:43,3.784,3.785,20981400.0,3.783,18800.0,3.785,76000.0
215,2018-06-01,09:40:46,3.7845,3.783,21073100.0,3.783,17300.0,3.786,103300.0
216,2018-06-01,09:40:49,3.7855,3.784,21129300.0,3.785,20000.0,3.786,103100.0
217,2018-06-01,09:40:52,3.787,3.786,21333800.0,3.786,196900.0,3.788,577600.0
218,2018-06-01,09:40:55,3.7865,3.786,21413900.0,3.786,159400.0,3.787,80100.0
219,2018-06-01,09:40:58,3.787,3.786,21413900.0,3.786,159400.0,3.788,249300.0
220,2018-06-01,09:41:01,3.787,3.786,21440100.0,3.786,133200.0,3.788,249300.0
221,2018-06-01,09:41:04,3.7865,3.786,21496100.0,3.786,77200.0,3.787,80100.0
222,2018-06-01,09:41:07,3.7855,3.786,21573300.0,3.785,1000.0,3.786,222800.0
223,2018-06-01,09:41:10,3.7855,3.786,21573300.0,3.785,1000.0,3.786,278800.0
224,2018-06-01,09:41:13,3.7855,3.786,21573300.0,3.785,1000.0,3.786,282200.0
225,2018-06-01,09:41:16,3.7855,3.786,21573300.0,3.785,1000.0,3.786,282200.0
226,2018-06-01,09:41:19,3.7855,3.786,21573300.0,3.785,1000.0,3.786,362300.0
227,2018-06-01,09:41:22,3.7845,3.785,21582600.0,3.784,1800.0,3.785,14900.0
228,2018-06-01,09:41:25,3.7855,3.785,21597500.0,3.785,72100.0,3.786,281900.0
229,2018-06-01,09:41:28,3.7855,3.786,21597700.0,3.785,32600.0,3.786,281700.0
230,2018-06-01,09:41:31,3.7855,3.785,21606000.0,3.785,24300.0,3.786,281700.0
231,2018-06-01,09:41:34,3.7855,3.785,21606000.0,3.785,28300.0,3.786,281700.0
232,2018-06-01,09:41:37,3.7855,3.785,21606500.0,3.785,27800.0,3.786,281700.0
233,2018-06-01,09:41:40,3.7855,3.786,21615800.0,3.785,27800.0,3.786,272400.0
234,2018-06-01,09:41:43,3.7855,3.785,21619100.0,3.785,24500.0,3.786,272400.0
235,2018-06-01,09:41:46,3.7845,3.785,21643600.0,3.784,21000.0,3.785,175500.0
236,2018-06-01,09:41:49,3.7845,3.785,21643600.0,3.784,23000.0,3.785,189800.0
237,2018-06-01,09:41:52,3.7845,3.785,21653600.0,3.784,25200.0,3.785,179800.0
238,2018-06-01,09:41:55,3.7845,3.785,21653600.0,3.784,28200.0,3.785,347900.0
239,2018-06-01,09:41:58,3.7845,3.785,21653600.0,3.784,12800.0,3.785,347900.0
240,2018-06-01,09:42:01,3.7845,3.785,21659100.0,3.784,12800.0,3.785,346400.0
241,2018-06-01,09:42:04,3.7845,3.785,21659100.0,3.784,12900.0,3.785,346400.0
242,2018-06-01,09:42:07,3.7845,3.784,21660500.0,3.784,16500.0,3.785,426500.0
243,2018-06-01,09:42:10,3.7835,3.784,21677000.0,3.783,45600.0,3.784,40400.0
244,2018-06-01,09:42:13,3.784,3.784,21723200.0,3.783,42300.0,3.785,352500.0
245,2018-06-01,09:42:16,3.7845,3.785,21746400.0,3.784,23900.0,3.785,329300.0
246,2018-06-01,09:42:19,3.7855,3.786,22291900.0,3.785,986800.0,3.786,63600.0
247,2018-06-01,09:42:22,3.787,3.786,22355500.0,3.786,40000.0,3.788,172200.0
248,2018-06-01,09:42:25,3.787,3.786,22411500.0,3.786,7900.0,3.788,172200.0
249,2018-06-01,09:42:28,3.787,3.786,22411500.0,3.786,7900.0,3.788,172200.0
250,2018-06-01,09:42:31,3.787,3.786,22411500.0,3.786,10900.0,3.788,172200.0
251,2018-06-01,09:42:34,3.787,3.786,22411500.0,3.786,14000.0,3.788,116200.0
252,2018-06-01,09:42:37,3.787,3.786,22421500.0,3.786,224300.0,3.788,116200.0
253,2018-06-01,09:42:40,3.787,3.786,22421500.0,3.786,1124400.0,3.788,116200.0
254,2018-06-01,09:42:43,3.787,3.786,22422000.0,3.786,1123900.0,3.788,119600.0
255,2018-06-01,09:42:46,3.787,3.786,22422000.0,3.786,1128800.0,3.788,119600.0
256,2018-06-01,09:42:49,3.787,3.786,22478000.0,3.786,1672900.0,3.788,119600.0
257,2018-06-01,09:42:52,3.7885,3.788,22597600.0,3.788,831900.0,3.789,262500.0
258,2018-06-01,09:42:55,3.7885,3.788,23364600.0,3.788,65100.0,3.789,262500.0
259,2018-06-01,09:42:58,3.7885,3.788,23389800.0,3.788,26400.0,3.789,262500.0
260,2018-06-01,09:43:01,3.7885,3.788,23389800.0,3.788,29400.0,3.789,262500.0
261,2018-06-01,09:43:04,3.7885,3.788,23389800.0,3.788,8000.0,3.789,262500.0
262,2018-06-01,09:43:07,3.7865,3.787,23427800.0,3.786,1085800.0,3.787,26000.0
263,2018-06-01,09:43:10,3.7865,3.787,23427900.0,3.786,185700.0,3.787,25900.0
264,2018-06-01,09:43:13,3.7865,3.787,23427900.0,3.786,187700.0,3.787,29200.0
265,2018-06-01,09:43:16,3.7865,3.787,23427900.0,3.786,193700.0,3.787,29200.0
266,2018-06-01,09:43:19,3.7865,3.787,23429900.0,3.786,190700.0,3.787,27200.0
267,2018-06-01,09:43:22,3.7865,3.787,23443200.0,3.786,190700.0,3.787,13900.0
268,2018-06-01,09:43:25,3.7865,3.787,23443200.0,3.786,190700.0,3.787,13900.0
269,2018-06-01,09:43:28,3.787,3.786,23513100.0,3.786,134700.0,3.788,357200.0
270,2018-06-01,09:43:31,3.7885,3.788,23570200.0,3.788,300100.0,3.789,262500.0
271,2018-06-01,09:43:34,3.7880000000000003,3.788,23570200.0,3.787,17400.0,3.789,262500.0
272,2018-06-01,09:43:37,3.7885,3.788,23570980.0,3.788,4220.0,3.789,262500.0
273,2018-06-01,09:43:40,3.7874999999999996,3.788,23575200.0,3.787,22400.0,3.788,5300.0
274,2018-06-01,09:43:43,3.7865,3.787,23597600.0,3.786,134700.0,3.787,113700.0
275,2018-06-01,09:43:46,3.7865,3.786,23682900.0,3.786,54600.0,3.787,74500.0
276,2018-06-01,09:43:49,3.7855,3.786,23708300.0,3.785,43300.0,3.786,317500.0
277,2018-06-01,09:43:52,3.7855,3.786,23711300.0,3.785,6900.0,3.786,314500.0
278,2018-06-01,09:43:55,3.7855,3.786,23711300.0,3.785,6900.0,3.786,314500.0
279,2018-06-01,09:43:58,3.7855,3.786,23711300.0,3.785,6900.0,3.786,297000.0
280,2018-06-01,09:44:01,3.7855,3.786,23711300.0,3.785,16900.0,3.786,297000.0
281,2018-06-01,09:44:04,3.7855,3.785,23715300.0,3.785,12900.0,3.786,297000.0
282,2018-06-01,09:44:07,3.7855,3.785,23715300.0,3.785,11900.0,3.786,297000.0
283,2018-06-01,09:44:10,3.7865,3.786,24012300.0,3.786,3200.0,3.787,3000.0
284,2018-06-01,09:44:13,3.786,3.785,24022400.0,3.785,5000.0,3.787,86500.0
285,2018-06-01,09:44:16,3.7855,3.785,24025400.0,3.784,32100.0,3.787,386600.0
286,2018-06-01,09:44:19,3.7845,3.785,24053800.0,3.784,32100.0,3.785,171600.0
287,2018-06-01,09:44:22,3.7845,3.785,24053800.0,3.784,32100.0,3.785,227600.0
288,2018-06-01,09:44:25,3.7845,3.785,24053800.0,3.784,32200.0,3.785,227600.0
289,2018-06-01,09:44:28,3.7845,3.785,24053800.0,3.784,32200.0,3.785,227600.0
290,2018-06-01,09:44:31,3.7845,3.785,24054900.0,3.784,32200.0,3.785,226500.0
291,2018-06-01,09:44:34,3.7845,3.785,24054900.0,3.784,132200.0,3.785,226500.0
292,2018-06-01,09:44:37,3.7845,3.785,24054900.0,3.784,132200.0,3.785,276500.0
293,2018-06-01,09:44:40,3.7845,3.785,24054900.0,3.784,132200.0,3.785,276500.0
294,2018-06-01,09:44:43,3.7845,3.785,24054900.0,3.784,132200.0,3.785,280400.0
295,2018-06-01,09:44:46,3.7845,3.784,24057800.0,3.784,131300.0,3.785,280400.0
296,2018-06-01,09:44:49,3.7845,3.785,24058100.0,3.784,131300.0,3.785,224100.0
297,2018-06-01,09:44:52,3.7845,3.785,24059300.0,3.784,131400.0,3.785,222900.0
298,2018-06-01,09:44:55,3.7845,3.784,24060100.0,3.784,130600.0,3.785,222900.0
299,2018-06-01,09:44:58,3.7845,3.784,24083200.0,3.784,108800.0,3.785,222900.0
300,2018-06-01,09:45:01,3.7845,3.784,24140300.0,3.784,51700.0,3.785,222900.0
301,2018-06-01,09:45:04,3.7845,3.784,24143400.0,3.784,48600.0,3.785,222900.0
302,2018-06-01,09:45:07,3.7845,3.784,24143400.0,3.784,48600.0,3.785,303000.0
303,2018-06-01,09:45:10,3.784,3.784,24192000.0,3.783,43400.0,3.785,222900.0
304,2018-06-01,09:45:13,3.784,3.785,24196100.0,3.783,40100.0,3.785,222100.0
305,2018-06-01,09:45:16,3.784,3.785,24197000.0,3.783,40100.0,3.785,221200.0
306,2018-06-01,09:45:19,3.784,3.783,24197600.0,3.783,39500.0,3.785,821300.0
307,2018-06-01,09:45:22,3.7824999999999998,3.783,24237100.0,3.782,103000.0,3.783,60500.0
308,2018-06-01,09:45:25,3.7824999999999998,3.782,24243100.0,3.782,98000.0,3.783,59500.0
309,2018-06-01,09:45:28,3.7824999999999998,3.783,24253100.0,3.782,98000.0,3.783,661200.0
310,2018-06-01,09:45:31,3.782,3.783,24355600.0,3.781,190000.0,3.783,756700.0
311,2018-06-01,09:45:34,3.7815000000000003,3.781,24362100.0,3.781,183300.0,3.782,600100.0
312,2018-06-01,09:45:37,3.7815000000000003,3.782,24482100.0,3.781,183300.0,3.782,480100.0
313,2018-06-01,09:45:40,3.7815000000000003,3.782,24482100.0,3.781,191700.0,3.782,131400.0
314,2018-06-01,09:45:43,3.782,3.783,24490400.0,3.781,185400.0,3.783,751700.0
315,2018-06-01,09:45:46,3.7805,3.781,24677800.0,3.78,155400.0,3.781,25700.0
316,2018-06-01,09:45:49,3.7805,3.781,24677900.0,3.78,156000.0,3.781,25600.0
317,2018-06-01,09:45:52,3.782,3.781,24703500.0,3.781,27800.0,3.783,738100.0
318,2018-06-01,09:45:55,3.782,3.781,24718500.0,3.781,18600.0,3.783,700100.0
319,2018-06-01,09:45:58,3.782,3.781,24718500.0,3.781,18600.0,3.783,700100.0
320,2018-06-01,09:46:01,3.7815000000000003,3.781,24718500.0,3.781,36500.0,3.782,300000.0
321,2018-06-01,09:46:04,3.7815000000000003,3.781,24718500.0,3.781,36500.0,3.782,300000.0
322,2018-06-01,09:46:07,3.7815000000000003,3.781,24727800.0,3.781,28200.0,3.782,300000.0
323,2018-06-01,09:46:10,3.7815000000000003,3.781,24727800.0,3.781,33200.0,3.782,300000.0
324,2018-06-01,09:46:13,3.7815000000000003,3.782,24738300.0,3.781,23100.0,3.782,299800.0
325,2018-06-01,09:46:16,3.7815000000000003,3.782,24738300.0,3.781,23100.0,3.782,299800.0
326,2018-06-01,09:46:19,3.7815000000000003,3.782,24738300.0,3.781,23100.0,3.782,299800.0
327,2018-06-01,09:46:22,3.7815000000000003,3.782,24739300.0,3.781,23100.0,3.782,898900.0
328,2018-06-01,09:46:25,3.7815000000000003,3.781,24750900.0,3.781,11700.0,3.782,299300.0
329,2018-06-01,09:46:28,3.7805,3.781,24924300.0,3.78,2000.0,3.781,16800.0
330,2018-06-01,09:46:31,3.7805,3.781,24924300.0,3.78,2000.0,3.781,627400.0
331,2018-06-01,09:46:34,3.7805,3.781,24925300.0,3.78,2000.0,3.781,14700.0
332,2018-06-01,09:46:37,3.7805,3.781,24928300.0,3.78,2300.0,3.781,11700.0
333,2018-06-01,09:46:40,3.7805,3.781,24928300.0,3.78,15300.0,3.781,18400.0
334,2018-06-01,09:46:43,3.7805,3.781,24928300.0,3.78,15400.0,3.781,22600.0
335,2018-06-01,09:46:46,3.7805,3.78,24934800.0,3.78,19900.0,3.781,66600.0
336,2018-06-01,09:46:49,3.7805,3.781,24939800.0,3.78,19900.0,3.781,61600.0
337,2018-06-01,09:46:52,3.7805,3.781,24943000.0,3.78,23900.0,3.781,60400.0
338,2018-06-01,09:46:55,3.7809999999999997,3.782,25008700.0,3.78,38800.0,3.782,296800.0
339,2018-06-01,09:46:58,3.7805,3.78,25013700.0,3.78,34800.0,3.781,16000.0
340,2018-06-01,09:47:01,3.7805,3.78,25013700.0,3.78,34800.0,3.781,16000.0
341,2018-06-01,09:47:04,3.7805,3.781,25018700.0,3.78,46000.0,3.781,21000.0
342,2018-06-01,09:47:07,3.7805,3.781,25019100.0,3.78,56200.0,3.781,20600.0
343,2018-06-01,09:47:10,3.7805,3.779,25119100.0,3.78,5200.0,3.781,20600.0
344,2018-06-01,09:47:13,3.7800000000000002,3.779,25218100.0,3.779,37500.0,3.781,26600.0
345,2018-06-01,09:47:16,3.7805,3.781,25220600.0,3.78,2500.0,3.781,24100.0
346,2018-06-01,09:47:19,3.7805,3.781,25220600.0,3.78,2500.0,3.781,27000.0
347,2018-06-01,09:47:22,3.7805,3.781,25220600.0,3.78,2500.0,3.781,27000.0
348,2018-06-01,09:47:25,3.7815000000000003,3.781,25247600.0,3.781,40000.0,3.782,296800.0
349,2018-06-01,09:47:28,3.7815000000000003,3.781,25247600.0,3.781,11600.0,3.782,296800.0
350,2018-06-01,09:47:31,3.7835,3.782,25546900.0,3.782,37500.0,3.785,311900.0
351,2018-06-01,09:47:34,3.783,3.782,25546900.0,3.782,37500.0,3.784,600100.0
352,2018-06-01,09:47:37,3.7835,3.782,25552400.0,3.782,32000.0,3.785,912000.0
353,2018-06-01,09:47:40,3.7835,3.782,25555400.0,3.782,29000.0,3.785,912000.0
354,2018-06-01,09:47:43,3.783,3.782,25555400.0,3.782,29000.0,3.784,6600.0
355,2018-06-01,09:47:46,3.783,3.782,25559600.0,3.782,39500.0,3.784,6600.0
356,2018-06-01,09:47:49,3.7824999999999998,3.783,25562300.0,3.782,11700.0,3.783,5300.0
357,2018-06-01,09:47:52,3.7824999999999998,3.783,25562300.0,3.782,11900.0,3.783,5300.0
358,2018-06-01,09:47:55,3.7824999999999998,3.783,25562300.0,3.782,11900.0,3.783,5300.0
359,2018-06-01,09:47:58,3.7824999999999998,3.783,25562800.0,3.782,16900.0,3.783,4800.0
360,2018-06-01,09:48:01,3.7824999999999998,3.782,25565000.0,3.782,14700.0,3.783,4800.0
361,2018-06-01,09:48:04,3.7815000000000003,3.782,25572500.0,3.781,8100.0,3.782,2700.0
362,2018-06-01,09:48:07,3.7815000000000003,3.782,25572500.0,3.781,13100.0,3.782,2700.0
363,2018-06-01,09:48:10,3.7815000000000003,3.782,25572500.0,3.781,13100.0,3.782,2700.0
364,2018-06-01,09:48:13,3.7815000000000003,3.781,25575800.0,3.781,9800.0,3.782,7000.0
365,2018-06-01,09:48:16,3.7815000000000003,3.782,25576400.0,3.781,9800.0,3.782,6400.0
366,2018-06-01,09:48:19,3.7815000000000003,3.782,25576400.0,3.781,4800.0,3.782,6400.0
367,2018-06-01,09:48:22,3.7824999999999998,3.782,25582800.0,3.782,28600.0,3.783,609600.0
368,2018-06-01,09:48:25,3.7824999999999998,3.782,25582800.0,3.782,28900.0,3.783,609600.0
369,2018-06-01,09:48:28,3.7824999999999998,3.782,25587300.0,3.782,24400.0,3.783,609600.0
370,2018-06-01,09:48:31,3.7824999999999998,3.782,25587300.0,3.782,25400.0,3.783,609600.0
371,2018-06-01,09:48:34,3.7815000000000003,3.782,25720800.0,3.781,308600.0,3.782,466600.0
372,2018-06-01,09:48:37,3.7815000000000003,3.782,25723800.0,3.781,312600.0,3.782,466700.0
373,2018-06-01,09:48:40,3.7815000000000003,3.781,26023900.0,3.781,12500.0,3.782,467700.0
374,2018-06-01,09:48:43,3.7805,3.781,26037000.0,3.78,46600.0,3.781,487700.0
375,2018-06-01,09:48:46,3.7805,3.781,26043100.0,3.78,43500.0,3.781,484700.0
376,2018-06-01,09:48:49,3.7805,3.781,26047000.0,3.78,43500.0,3.781,480800.0
377,2018-06-01,09:48:52,3.7805,3.781,26052000.0,3.78,43700.0,3.781,475800.0
378,2018-06-01,09:48:55,3.7805,3.781,26052000.0,3.78,28700.0,3.781,475800.0
379,2018-06-01,09:48:58,3.7805,3.781,26152900.0,3.78,29700.0,3.781,374900.0
380,2018-06-01,09:49:01,3.7805,3.781,26174100.0,3.78,28500.0,3.781,359900.0
381,2018-06-01,09:49:04,3.7794999999999996,3.78,26282700.0,3.779,18100.0,3.78,71400.0
382,2018-06-01,09:49:07,3.7794999999999996,3.78,26282700.0,3.779,38700.0,3.78,72400.0
383,2018-06-01,09:49:10,3.7794999999999996,3.78,26298700.0,3.779,38700.0,3.78,56400.0
384,2018-06-01,09:49:13,3.7794999999999996,3.779,26302100.0,3.779,35300.0,3.78,56400.0
385,2018-06-01,09:49:16,3.7800000000000002,3.78,26358500.0,3.779,35300.0,3.781,359900.0
386,2018-06-01,09:49:19,3.7800000000000002,3.781,26358700.0,3.779,55700.0,3.781,359700.0
387,2018-06-01,09:49:22,3.7805,3.779,26360700.0,3.78,8100.0,3.781,159700.0
388,2018-06-01,09:49:25,3.7805,3.779,26360700.0,3.78,8100.0,3.781,159700.0
389,2018-06-01,09:49:28,3.7805,3.779,26360700.0,3.78,23600.0,3.781,159700.0
390,2018-06-01,09:49:31,3.7805,3.781,26365700.0,3.78,5000.0,3.781,154700.0
391,2018-06-01,09:49:34,3.7805,3.781,26365700.0,3.78,5000.0,3.781,154700.0
392,2018-06-01,09:49:37,3.7805,3.781,26365700.0,3.78,9000.0,3.781,154700.0
393,2018-06-01,09:49:40,3.7809999999999997,3.781,26520400.0,3.78,9000.0,3.782,54400.0
394,2018-06-01,09:49:43,3.7805,3.781,26526700.0,3.78,5700.0,3.781,7000.0
395,2018-06-01,09:49:46,3.7805,3.781,26526700.0,3.78,5700.0,3.781,7000.0
396,2018-06-01,09:49:49,3.7805,3.781,26526700.0,3.78,8800.0,3.781,7000.0
397,2018-06-01,09:49:52,3.7805,3.781,26529700.0,3.78,32900.0,3.781,6500.0
398,2018-06-01,09:49:55,3.7805,3.781,26529700.0,3.78,32900.0,3.781,6500.0
399,2018-06-01,09:49:58,3.7815000000000003,3.781,26536200.0,3.781,3600.0,3.782,54400.0
400,2018-06-01,09:50:01,3.7815000000000003,3.781,26536200.0,3.781,486200.0,3.782,54400.0
401,2018-06-01,09:50:04,3.7815000000000003,3.781,26536200.0,3.781,491900.0,3.782,54400.0
402,2018-06-01,09:50:07,3.7815000000000003,3.781,26566600.0,3.781,461500.0,3.782,654500.0
403,2018-06-01,09:50:10,3.7815000000000003,3.781,26566600.0,3.781,461500.0,3.782,656600.0
404,2018-06-01,09:50:13,3.7815000000000003,3.781,26673700.0,3.781,355700.0,3.782,656600.0
405,2018-06-01,09:50:16,3.7815000000000003,3.781,26691800.0,3.781,387600.0,3.782,656600.0
406,2018-06-01,09:50:19,3.7805,3.781,27087100.0,3.78,79800.0,3.781,1200.0
407,2018-06-01,09:50:22,3.7805,3.781,27087100.0,3.78,79800.0,3.781,271200.0
408,2018-06-01,09:50:25,3.7805,3.781,27087100.0,3.78,79800.0,3.781,271200.0
409,2018-06-01,09:50:28,3.7805,3.781,27087400.0,3.78,91100.0,3.781,270900.0
410,2018-06-01,09:50:31,3.7805,3.781,27087400.0,3.78,91100.0,3.781,270900.0
411,2018-06-01,09:50:34,3.7805,3.781,27087400.0,3.78,91100.0,3.781,270900.0
412,2018-06-01,09:50:37,3.7805,3.781,27088400.0,3.78,91100.0,3.781,284900.0
413,2018-06-01,09:50:40,3.7805,3.781,27088400.0,3.78,91100.0,3.781,885000.0
414,2018-06-01,09:50:43,3.7805,3.781,27088400.0,3.78,98000.0,3.781,893300.0
415,2018-06-01,09:50:46,3.7805,3.781,27088400.0,3.78,98000.0,3.781,293200.0
416,2018-06-01,09:50:49,3.7805,3.781,27089400.0,3.78,98000.0,3.781,294200.0
417,2018-06-01,09:50:52,3.7805,3.781,27089400.0,3.78,98200.0,3.781,294200.0
418,2018-06-01,09:50:55,3.7805,3.781,27089400.0,3.78,90800.0,3.781,294200.0
419,2018-06-01,09:50:58,3.7805,3.78,27188900.0,3.78,12400.0,3.781,294200.0
420,2018-06-01,09:51:01,3.7805,3.78,27188900.0,3.78,12400.0,3.781,294200.0
421,2018-06-01,09:51:04,3.7805,3.781,27196300.0,3.78,15100.0,3.781,288800.0
422,2018-06-01,09:51:07,3.7794999999999996,3.78,27227700.0,3.779,154600.0,3.78,219400.0
423,2018-06-01,09:51:10,3.7794999999999996,3.779,27261800.0,3.779,139600.0,3.78,230500.0
424,2018-06-01,09:51:13,3.7794999999999996,3.78,27277800.0,3.779,136300.0,3.78,217800.0
425,2018-06-01,09:51:16,3.7794999999999996,3.78,27277800.0,3.779,151300.0,3.78,217800.0
426,2018-06-01,09:51:19,3.7794999999999996,3.78,27277800.0,3.779,156500.0,3.78,218300.0
427,2018-06-01,09:51:22,3.7794999999999996,3.78,27277800.0,3.779,156500.0,3.78,218100.0
428,2018-06-01,09:51:25,3.7794999999999996,3.779,27282800.0,3.779,151500.0,3.78,218100.0
429,2018-06-01,09:51:28,3.7794999999999996,3.78,27295600.0,3.779,148500.0,3.78,258300.0
430,2018-06-01,09:51:31,3.7805,3.78,27554100.0,3.78,53500.0,3.781,288000.0
431,2018-06-01,09:51:34,3.7800000000000002,3.779,27574100.0,3.779,132200.0,3.781,288000.0
432,2018-06-01,09:51:37,3.7794999999999996,3.779,27641400.0,3.779,64900.0,3.78,500.0
433,2018-06-01,09:51:40,3.7805,3.78,27641900.0,3.78,10800.0,3.781,288000.0
434,2018-06-01,09:51:43,3.7800000000000002,3.781,27658000.0,3.779,60300.0,3.781,290700.0
435,2018-06-01,09:51:46,3.7794999999999996,3.78,27658300.0,3.779,66000.0,3.78,2700.0
436,2018-06-01,09:51:49,3.7805,3.78,27663700.0,3.78,40000.0,3.781,290700.0
437,2018-06-01,09:51:52,3.7805,3.78,27663700.0,3.78,200.0,3.781,290700.0
438,2018-06-01,09:51:55,3.7805,3.781,27667500.0,3.78,200.0,3.781,286900.0
439,2018-06-01,09:51:58,3.7794999999999996,3.78,27668700.0,3.779,372600.0,3.78,4300.0
440,2018-06-01,09:52:01,3.7794999999999996,3.78,27671500.0,3.779,372700.0,3.78,1500.0
441,2018-06-01,09:52:04,3.7805,3.78,27673000.0,3.78,40300.0,3.781,336900.0
442,2018-06-01,09:52:07,3.7805,3.781,27678000.0,3.78,51400.0,3.781,331900.0
443,2018-06-01,09:52:10,3.7805,3.781,27678000.0,3.78,51400.0,3.781,331900.0
444,2018-06-01,09:52:13,3.7805,3.781,27678000.0,3.78,125800.0,3.781,335600.0
445,2018-06-01,09:52:16,3.7805,3.781,27678000.0,3.78,125800.0,3.781,335600.0
446,2018-06-01,09:52:19,3.7805,3.781,27678000.0,3.78,132200.0,3.781,336500.0
447,2018-06-01,09:52:22,3.7805,3.78,27686500.0,3.78,132300.0,3.781,335900.0
448,2018-06-01,09:52:25,3.7805,3.781,27736600.0,3.78,137300.0,3.781,285800.0
449,2018-06-01,09:52:28,3.7815000000000003,3.781,28028300.0,3.781,634100.0,3.782,138100.0
450,2018-06-01,09:52:31,3.7824999999999998,3.782,28176400.0,3.782,30000.0,3.783,255400.0
451,2018-06-01,09:52:34,3.7815000000000003,3.781,28177900.0,3.781,649500.0,3.782,47700.0
452,2018-06-01,09:52:37,3.7815000000000003,3.781,28177900.0,3.781,1049100.0,3.782,47700.0
453,2018-06-01,09:52:40,3.7815000000000003,3.781,28177900.0,3.781,737500.0,3.782,47700.0
454,2018-06-01,09:52:43,3.7824999999999998,3.782,28231300.0,3.782,6600.0,3.783,255400.0
455,2018-06-01,09:52:46,3.7824999999999998,3.782,28231300.0,3.782,84700.0,3.783,255400.0
456,2018-06-01,09:52:49,3.7824999999999998,3.783,28234100.0,3.782,155100.0,3.783,253100.0
457,2018-06-01,09:52:52,3.7824999999999998,3.782,28239700.0,3.782,199700.0,3.783,253100.0
458,2018-06-01,09:52:55,3.7824999999999998,3.782,28260200.0,3.782,179200.0,3.783,253100.0
459,2018-06-01,09:52:58,3.7824999999999998,3.782,28262700.0,3.782,179900.0,3.783,253100.0
460,2018-06-01,09:53:01,3.7824999999999998,3.783,28263900.0,3.782,209900.0,3.783,251900.0
461,2018-06-01,09:53:04,3.7824999999999998,3.783,28273900.0,3.782,209900.0,3.783,241900.0
462,2018-06-01,09:53:07,3.7824999999999998,3.783,28277900.0,3.782,209900.0,3.783,237900.0
463,2018-06-01,09:53:10,3.7824999999999998,3.783,28277900.0,3.782,201800.0,3.783,237900.0
464,2018-06-01,09:53:13,3.7824999999999998,3.783,28279900.0,3.782,203200.0,3.783,241500.0
465,2018-06-01,09:53:16,3.7824999999999998,3.783,28279900.0,3.782,163500.0,3.783,241500.0
466,2018-06-01,09:53:19,3.7824999999999998,3.783,28279900.0,3.782,163500.0,3.783,241500.0
467,2018-06-01,09:53:22,3.7824999999999998,3.782,28281100.0,3.782,162300.0,3.783,841600.0
468,2018-06-01,09:53:25,3.7815,3.782,28413800.0,3.78,78100.0,3.783,841200.0
469,2018-06-01,09:53:28,3.7809999999999997,3.782,28413800.0,3.78,80600.0,3.782,500.0
470,2018-06-01,09:53:31,3.7815,3.783,28414600.0,3.78,80600.0,3.783,840900.0
471,2018-06-01,09:53:34,3.7809999999999997,3.783,28414600.0,3.78,56800.0,3.782,50100.0
472,2018-06-01,09:53:37,3.7815000000000003,3.783,28414600.0,3.781,13300.0,3.782,650200.0
473,2018-06-01,09:53:40,3.7815000000000003,3.781,28418500.0,3.781,10000.0,3.782,649600.0
474,2018-06-01,09:53:43,3.7805,3.781,28434800.0,3.78,61800.0,3.781,5500.0
475,2018-06-01,09:53:46,3.7805,3.781,28434800.0,3.78,61800.0,3.781,5500.0
476,2018-06-01,09:53:49,3.7809999999999997,3.781,28444800.0,3.78,61800.0,3.782,653700.0
477,2018-06-01,09:53:52,3.7809999999999997,3.781,28444800.0,3.78,61800.0,3.782,653700.0
478,2018-06-01,09:53:55,3.7815000000000003,3.781,28444800.0,3.781,50000.0,3.782,653700.0
479,2018-06-01,09:53:58,3.7815000000000003,3.781,28444800.0,3.781,50000.0,3.782,653700.0
480,2018-06-01,09:54:01,3.7815000000000003,3.781,28474800.0,3.781,20000.0,3.782,653700.0
481,2018-06-01,09:54:04,3.7805,3.781,28499800.0,3.78,62000.0,3.781,598300.0
482,2018-06-01,09:54:07,3.7805,3.78,28599800.0,3.78,267000.0,3.781,600300.0
483,2018-06-01,09:54:10,3.7805,3.78,28649900.0,3.78,216900.0,3.781,200.0
484,2018-06-01,09:54:13,3.7805,3.78,28649900.0,3.78,216900.0,3.781,606500.0
485,2018-06-01,09:54:16,3.7805,3.78,28649900.0,3.78,216900.0,3.781,606500.0
486,2018-06-01,09:54:19,3.7805,3.78,28649900.0,3.78,216900.0,3.781,606500.0
487,2018-06-01,09:54:22,3.7794999999999996,3.78,28936900.0,3.779,81400.0,3.78,624200.0
488,2018-06-01,09:54:25,3.7794999999999996,3.78,28936900.0,3.779,81400.0,3.78,39600.0
489,2018-06-01,09:54:28,3.7794999999999996,3.78,28937900.0,3.779,82900.0,3.78,40400.0
490,2018-06-01,09:54:31,3.7794999999999996,3.78,28937900.0,3.779,82900.0,3.78,40400.0
491,2018-06-01,09:54:34,3.7794999999999996,3.779,28952100.0,3.779,68700.0,3.78,24900.0
492,2018-06-01,09:54:37,3.7794999999999996,3.779,28952100.0,3.779,66700.0,3.78,24900.0
493,2018-06-01,09:54:40,3.7794999999999996,3.779,28952100.0,3.779,65700.0,3.78,24900.0
494,2018-06-01,09:54:43,3.7794999999999996,3.78,28972400.0,3.779,47400.0,3.78,22900.0
495,2018-06-01,09:54:46,3.7794999999999996,3.779,28988400.0,3.779,31400.0,3.78,22900.0
496,2018-06-01,09:54:49,3.7794999999999996,3.779,28988400.0,3.779,34700.0,3.78,622900.0
497,2018-06-01,09:54:52,3.7794999999999996,3.779,29003400.0,3.779,19900.0,3.78,622900.0
498,2018-06-01,09:54:55,3.7794999999999996,3.779,29004400.0,3.779,18900.0,3.78,622900.0
499,2018-06-01,09:54:58,3.7794999999999996,3.779,29019400.0,3.779,3900.0,3.78,622900.0
500,2018-06-01,09:55:01,3.7794999999999996,3.779,29019600.0,3.779,8900.0,3.78,622900.0
501,2018-06-01,09:55:04,3.7785,3.779,29033500.0,3.778,281700.0,3.779,6100.0
502,2018-06-01,09:55:07,3.7785,3.779,29034200.0,3.778,282500.0,3.779,267400.0
503,2018-06-01,09:55:10,3.7775,3.778,29319000.0,3.777,98100.0,3.778,30200.0
504,2018-06-01,09:55:13,3.7775,3.778,29332500.0,3.777,94800.0,3.778,20000.0
505,2018-06-01,09:55:16,3.7775,3.778,29332500.0,3.777,94800.0,3.778,320000.0
506,2018-06-01,09:55:19,3.7775,3.778,29333500.0,3.777,94800.0,3.778,319000.0
507,2018-06-01,09:55:22,3.7775,3.778,29333500.0,3.777,94800.0,3.778,319000.0
508,2018-06-01,09:55:25,3.7775,3.777,29348500.0,3.777,79800.0,3.778,319000.0
509,2018-06-01,09:55:31,3.7775,3.778,29671900.0,3.777,57800.0,3.778,337600.0
510,2018-06-01,09:55:34,3.7775,3.777,29698300.0,3.777,34100.0,3.778,335600.0
511,2018-06-01,09:55:37,3.7775,3.777,29713300.0,3.777,19100.0,3.778,335600.0
512,2018-06-01,09:55:40,3.7765,3.777,29737400.0,3.776,93000.0,3.777,412400.0
513,2018-06-01,09:55:43,3.7765,3.777,29737400.0,3.776,93000.0,3.777,416800.0
514,2018-06-01,09:55:46,3.7765,3.775,29937400.0,3.776,200.0,3.777,440000.0
515,2018-06-01,09:55:49,3.7755,3.776,29948600.0,3.775,305100.0,3.776,1400.0
516,2018-06-01,09:55:52,3.7755,3.776,29949100.0,3.775,305200.0,3.776,900.0
517,2018-06-01,09:55:55,3.7755,3.776,29949100.0,3.775,305800.0,3.776,900.0
518,2018-06-01,09:55:58,3.776,3.777,29992700.0,3.775,301700.0,3.777,472100.0
519,2018-06-01,09:56:01,3.7765,3.777,29992700.0,3.776,8100.0,3.777,472100.0
520,2018-06-01,09:56:04,3.7744999999999997,3.775,30087000.0,3.774,620700.0,3.775,68100.0
521,2018-06-01,09:56:07,3.7755,3.776,30317500.0,3.775,200.0,3.776,360400.0
522,2018-06-01,09:56:10,3.7755,3.776,30317500.0,3.775,200.0,3.776,360400.0
523,2018-06-01,09:56:13,3.7755,3.776,30318100.0,3.775,100.0,3.776,359900.0
524,2018-06-01,09:56:16,3.7744999999999997,3.774,30336200.0,3.774,606100.0,3.775,5300.0
525,2018-06-01,09:56:19,3.7755,3.775,30341500.0,3.775,36700.0,3.776,359900.0
526,2018-06-01,09:56:22,3.7755,3.776,30343400.0,3.775,36700.0,3.776,358000.0
527,2018-06-01,09:56:25,3.7755,3.776,30565100.0,3.775,30500.0,3.776,142500.0
528,2018-06-01,09:56:28,3.7744999999999997,3.775,30595600.0,3.774,606100.0,3.775,34400.0
529,2018-06-01,09:56:31,3.7755,3.775,30633200.0,3.775,401600.0,3.776,142500.0
530,2018-06-01,09:56:34,3.7755,3.775,30633200.0,3.775,401700.0,3.776,142500.0
531,2018-06-01,09:56:37,3.7755,3.775,30633200.0,3.775,424200.0,3.776,142500.0
532,2018-06-01,09:56:40,3.7755,3.775,30966500.0,3.775,90900.0,3.776,142500.0
533,2018-06-01,09:56:43,3.7755,3.776,30971800.0,3.775,89600.0,3.776,140500.0
534,2018-06-01,09:56:46,3.7755,3.776,30971800.0,3.775,84600.0,3.776,140500.0
535,2018-06-01,09:56:49,3.7755,3.776,30994800.0,3.775,70800.0,3.776,137500.0
536,2018-06-01,09:56:52,3.7744999999999997,3.775,31067200.0,3.774,25300.0,3.775,227700.0
537,2018-06-01,09:56:55,3.7744999999999997,3.775,31074000.0,3.774,23600.0,3.775,220900.0
538,2018-06-01,09:56:58,3.775,3.775,31074000.0,3.774,33600.0,3.776,387500.0
539,2018-06-01,09:57:01,3.775,3.775,31074000.0,3.774,634300.0,3.776,387500.0
540,2018-06-01,09:57:04,3.7755,3.776,31076600.0,3.775,1000.0,3.776,384900.0
541,2018-06-01,09:57:07,3.7744999999999997,3.775,31077600.0,3.774,646500.0,3.775,5000.0
542,2018-06-01,09:57:10,3.7755,3.775,31094600.0,3.775,28000.0,3.776,384900.0
543,2018-06-01,09:57:13,3.7755,3.776,31109500.0,3.775,600200.0,3.776,373300.0
544,2018-06-01,09:57:16,3.7775,3.777,31888300.0,3.777,207900.0,3.778,370300.0
545,2018-06-01,09:57:19,3.777,3.777,31888300.0,3.776,955800.0,3.778,370300.0
546,2018-06-01,09:57:22,3.7775,3.777,31888300.0,3.777,100.0,3.778,370300.0
547,2018-06-01,09:57:25,3.7775,3.777,31888300.0,3.777,600200.0,3.778,370300.0
548,2018-06-01,09:57:28,3.778,3.777,32343100.0,3.777,1500.0,3.779,300000.0
549,2018-06-01,09:57:31,3.778,3.777,32343100.0,3.777,11500.0,3.779,300000.0
550,2018-06-01,09:57:34,3.7785,3.777,32343100.0,3.778,100000.0,3.779,300000.0
551,2018-06-01,09:57:37,3.7785,3.777,32343100.0,3.778,100000.0,3.779,300000.0
552,2018-06-01,09:57:40,3.7794999999999996,3.78,32647600.0,3.779,40000.0,3.78,616600.0
553,2018-06-01,09:57:43,3.7785,3.78,32647600.0,3.778,700800.0,3.779,220900.0
554,2018-06-01,09:57:46,3.7794999999999996,3.78,32918600.0,3.779,260900.0,3.78,575700.0
555,2018-06-01,09:57:49,3.7794999999999996,3.779,32918900.0,3.779,50500.0,3.78,575500.0
556,2018-06-01,09:57:52,3.7794999999999996,3.779,32921200.0,3.779,48200.0,3.78,575500.0
557,2018-06-01,09:57:55,3.7794999999999996,3.779,32921200.0,3.779,48200.0,3.78,575500.0
558,2018-06-01,09:57:58,3.7794999999999996,3.779,32923500.0,3.779,48400.0,3.78,575500.0
559,2018-06-01,09:58:01,3.7794999999999996,3.779,32923500.0,3.779,48400.0,3.78,575500.0
560,2018-06-01,09:58:04,3.7794999999999996,3.779,32923500.0,3.779,53400.0,3.78,575500.0
561,2018-06-01,09:58:07,3.7794999999999996,3.78,33006600.0,3.779,53400.0,3.78,492400.0
562,2018-06-01,09:58:10,3.7794999999999996,3.78,33022100.0,3.779,63400.0,3.78,476900.0
563,2018-06-01,09:58:13,3.7794999999999996,3.779,33025400.0,3.779,60100.0,3.78,476900.0
564,2018-06-01,09:58:16,3.7794999999999996,3.779,33059400.0,3.779,26100.0,3.78,476900.0
565,2018-06-01,09:58:19,3.7794999999999996,3.779,33059400.0,3.779,26100.0,3.78,476900.0
566,2018-06-01,09:58:22,3.7794999999999996,3.78,33060700.0,3.779,26100.0,3.78,475600.0
567,2018-06-01,09:58:25,3.7794999999999996,3.78,33060700.0,3.779,23600.0,3.78,475600.0
568,2018-06-01,09:58:28,3.7785,3.779,33084300.0,3.778,121200.0,3.779,26500.0
569,2018-06-01,09:58:31,3.7785,3.779,33084300.0,3.778,121200.0,3.779,26500.0
570,2018-06-01,09:58:37,3.779,3.78,33125200.0,3.778,121200.0,3.78,461200.0
571,2018-06-01,09:58:40,3.7794999999999996,3.78,33125200.0,3.779,2000.0,3.78,461200.0
572,2018-06-01,09:58:43,3.7794999999999996,3.779,33126200.0,3.779,1000.0,3.78,461200.0
573,2018-06-01,09:58:46,3.7794999999999996,3.779,33126200.0,3.779,1000.0,3.78,461200.0
574,2018-06-01,09:58:49,3.7785,3.779,33127200.0,3.778,121200.0,3.779,60600.0
575,2018-06-01,09:58:52,3.7785,3.779,33130200.0,3.778,121300.0,3.779,57600.0
576,2018-06-01,09:58:55,3.7785,3.779,33130200.0,3.778,121300.0,3.779,307600.0
577,2018-06-01,09:58:58,3.7785,3.779,33130700.0,3.778,120800.0,3.779,307100.0
578,2018-06-01,09:59:01,3.7785,3.778,33138200.0,3.778,113300.0,3.779,307100.0
579,2018-06-01,09:59:04,3.7785,3.778,33138200.0,3.778,113300.0,3.779,307100.0
580,2018-06-01,09:59:07,3.7785,3.779,33143200.0,3.778,113300.0,3.779,302100.0
581,2018-06-01,09:59:10,3.7785,3.779,33145200.0,3.778,113300.0,3.779,300100.0
582,2018-06-01,09:59:13,3.7785,3.778,33148500.0,3.778,113000.0,3.779,300100.0
583,2018-06-01,09:59:16,3.7785,3.778,33148500.0,3.778,113000.0,3.779,300100.0
584,2018-06-01,09:59:19,3.7785,3.778,33148500.0,3.778,113000.0,3.779,300100.0
585,2018-06-01,09:59:22,3.7785,3.778,33159600.0,3.778,102400.0,3.779,299600.0
586,2018-06-01,09:59:25,3.7785,3.778,33162300.0,3.778,99700.0,3.779,299600.0
587,2018-06-01,09:59:28,3.7785,3.778,33162300.0,3.778,99700.0,3.779,299600.0
588,2018-06-01,09:59:31,3.7785,3.779,33165000.0,3.778,99700.0,3.779,296900.0
589,2018-06-01,09:59:34,3.7785,3.779,33165000.0,3.778,101200.0,3.779,296900.0
590,2018-06-01,09:59:37,3.7785,3.779,33165000.0,3.778,101200.0,3.779,296900.0
591,2018-06-01,09:59:40,3.7785,3.779,33165100.0,3.778,101200.0,3.779,296800.0
592,2018-06-01,09:59:43,3.7794999999999996,3.779,33465200.0,3.779,1002300.0,3.78,466200.0
593,2018-06-01,09:59:46,3.7794999999999996,3.779,33465200.0,3.779,365500.0,3.78,466200.0
594,2018-06-01,09:59:49,3.7794999999999996,3.78,33489400.0,3.779,365500.0,3.78,442000.0
595,2018-06-01,09:59:52,3.7794999999999996,3.78,33489400.0,3.779,350200.0,3.78,442000.0
596,2018-06-01,09:59:55,3.7794999999999996,3.779,33489700.0,3.779,50200.0,3.78,442000.0
597,2018-06-01,09:59:58,3.7794999999999996,3.78,33499800.0,3.779,40200.0,3.78,441900.0
598,2018-06-01,10:00:01,3.7794999999999996,3.78,33499800.0,3.779,40200.0,3.78,691900.0
599,2018-06-01,10:00:04,3.7794999999999996,3.78,33499800.0,3.779,40200.0,3.78,691900.0
600,2018-06-01,10:00:07,3.7794999999999996,3.78,33500200.0,3.779,40200.0,3.78,691500.0
601,2018-06-01,10:00:10,3.7794999999999996,3.779,33552800.0,3.779,22600.0,3.78,656500.0
602,2018-06-01,10:00:13,3.7785,3.779,33575400.0,3.778,102900.0,3.779,45300.0
603,2018-06-01,10:00:16,3.7785,3.778,33685300.0,3.778,33000.0,3.779,21300.0
604,2018-06-01,10:00:19,3.779,3.78,33720300.0,3.778,33000.0,3.78,647400.0
605,2018-06-01,10:00:22,3.7775,3.778,33753300.0,3.777,924900.0,3.778,277000.0
606,2018-06-01,10:00:25,3.7775,3.778,33753300.0,3.777,924900.0,3.778,277000.0
607,2018-06-01,10:00:28,3.779,3.78,34032800.0,3.778,164000.0,3.78,644900.0
608,2018-06-01,10:00:31,3.779,3.78,34032800.0,3.778,214000.0,3.78,644900.0
609,2018-06-01,10:00:34,3.779,3.78,34032800.0,3.778,220500.0,3.78,644900.0
610,2018-06-01,10:00:37,3.779,3.78,34032800.0,3.778,220500.0,3.78,644900.0
611,2018-06-01,10:00:40,3.779,3.78,34032800.0,3.778,220500.0,3.78,644900.0
612,2018-06-01,10:00:43,3.779,3.778,34036100.0,3.778,217200.0,3.78,644900.0
613,2018-06-01,10:00:46,3.779,3.778,34085800.0,3.778,167500.0,3.78,644900.0
614,2018-06-01,10:00:49,3.779,3.78,34086100.0,3.778,167500.0,3.78,644600.0
615,2018-06-01,10:00:52,3.779,3.78,34086100.0,3.778,167700.0,3.78,644600.0
616,2018-06-01,10:00:55,3.779,3.778,34096100.0,3.778,159200.0,3.78,644600.0
617,2018-06-01,10:00:58,3.7794999999999996,3.779,34100100.0,3.779,11500.0,3.78,644600.0
618,2018-06-01,10:01:01,3.7794999999999996,3.779,34100100.0,3.779,11500.0,3.78,644600.0
619,2018-06-01,10:01:04,3.7794999999999996,3.78,34101100.0,3.779,11500.0,3.78,643600.0
620,2018-06-01,10:01:07,3.7794999999999996,3.78,34101100.0,3.779,11500.0,3.78,643600.0
621,2018-06-01,10:01:10,3.7794999999999996,3.78,34111100.0,3.779,11500.0,3.78,633600.0
622,2018-06-01,10:01:13,3.7794999999999996,3.779,34114500.0,3.779,20100.0,3.78,633600.0
623,2018-06-01,10:01:16,3.7794999999999996,3.779,34114500.0,3.779,22800.0,3.78,708100.0
624,2018-06-01,10:01:19,3.7794999999999996,3.78,34164800.0,3.779,22800.0,3.78,657800.0
625,2018-06-01,10:01:22,3.7794999999999996,3.78,34164800.0,3.779,23000.0,3.78,657800.0
626,2018-06-01,10:01:25,3.7794999999999996,3.78,34164800.0,3.779,23000.0,3.78,657800.0
627,2018-06-01,10:01:28,3.7794999999999996,3.779,34166400.0,3.779,21400.0,3.78,657800.0
628,2018-06-01,10:01:31,3.7794999999999996,3.779,34166400.0,3.779,23400.0,3.78,583300.0
629,2018-06-01,10:01:34,3.7794999999999996,3.779,34166400.0,3.779,23400.0,3.78,583300.0
630,2018-06-01,10:01:37,3.7794999999999996,3.779,34166400.0,3.779,21400.0,3.78,583300.0
631,2018-06-01,10:01:40,3.7794999999999996,3.779,34166400.0,3.779,26400.0,3.78,583300.0
632,2018-06-01,10:01:43,3.7794999999999996,3.779,34179800.0,3.779,13000.0,3.78,583300.0
633,2018-06-01,10:01:46,3.7794999999999996,3.779,34179800.0,3.779,13000.0,3.78,583300.0
634,2018-06-01,10:01:49,3.7794999999999996,3.779,34181300.0,3.779,13000.0,3.78,583300.0
635,2018-06-01,10:01:52,3.7794999999999996,3.778,34255800.0,3.779,100.0,3.78,583300.0
636,2018-06-01,10:01:55,3.7794999999999996,3.778,34255800.0,3.779,100.0,3.78,583300.0
637,2018-06-01,10:01:58,3.7794999999999996,3.778,34255800.0,3.779,100.0,3.78,1183400.0
638,2018-06-01,10:02:01,3.7794999999999996,3.778,34255800.0,3.779,100.0,3.78,583300.0
639,2018-06-01,10:02:04,3.7794999999999996,3.778,34255800.0,3.779,100.0,3.78,583300.0
640,2018-06-01,10:02:07,3.7794999999999996,3.778,34255800.0,3.779,100.0,3.78,583300.0
641,2018-06-01,10:02:10,3.7794999999999996,3.778,34255800.0,3.779,100.0,3.78,583300.0
642,2018-06-01,10:02:13,3.7794999999999996,3.778,34255800.0,3.779,100.0,3.78,1187700.0
643,2018-06-01,10:02:16,3.7794999999999996,3.778,34255800.0,3.779,100.0,3.78,587600.0
644,2018-06-01,10:02:19,3.7785,3.779,34255900.0,3.778,89100.0,3.779,9900.0
645,2018-06-01,10:02:22,3.7785,3.779,34256900.0,3.778,49600.0,3.779,8900.0
646,2018-06-01,10:02:25,3.7785,3.779,34256900.0,3.778,49600.0,3.779,8900.0
647,2018-06-01,10:02:28,3.779,3.78,34266900.0,3.778,54500.0,3.78,586500.0
648,2018-06-01,10:02:31,3.7785,3.778,34268400.0,3.778,53300.0,3.779,800.0
649,2018-06-01,10:02:34,3.7785,3.778,34268400.0,3.778,53900.0,3.779,800.0
650,2018-06-01,10:02:37,3.7785,3.778,34269400.0,3.778,52900.0,3.779,800.0
651,2018-06-01,10:02:40,3.7785,3.778,34278300.0,3.778,44000.0,3.779,800.0
652,2018-06-01,10:02:43,3.7785,3.778,34281600.0,3.778,40700.0,3.779,800.0
653,2018-06-01,10:02:46,3.7785,3.779,34281900.0,3.778,50700.0,3.779,500.0
654,2018-06-01,10:02:49,3.7785,3.779,34281900.0,3.778,50700.0,3.779,500.0
655,2018-06-01,10:02:52,3.7794999999999996,3.779,34282400.0,3.779,2700.0,3.78,586500.0
656,2018-06-01,10:02:55,3.7794999999999996,3.779,34282400.0,3.779,2700.0,3.78,586500.0
657,2018-06-01,10:02:58,3.7794999999999996,3.778,34288400.0,3.779,1500.0,3.78,586500.0
658,2018-06-01,10:03:01,3.7794999999999996,3.778,34288400.0,3.779,1500.0,3.78,586500.0
659,2018-06-01,10:03:04,3.7794999999999996,3.778,34288400.0,3.779,1500.0,3.78,586500.0
660,2018-06-01,10:03:07,3.7794999999999996,3.778,34288400.0,3.779,1500.0,3.78,586500.0
661,2018-06-01,10:03:10,3.7785,3.779,34289900.0,3.778,54500.0,3.779,52500.0
662,2018-06-01,10:03:13,3.7794999999999996,3.779,34343100.0,3.779,1800.0,3.78,586500.0
663,2018-06-01,10:03:16,3.7794999999999996,3.779,34344100.0,3.779,2900.0,3.78,586500.0
664,2018-06-01,10:03:19,3.7794999999999996,3.779,34344100.0,3.779,2900.0,3.78,586500.0
665,2018-06-01,10:03:22,3.7794999999999996,3.78,34405800.0,3.779,603000.0,3.78,524800.0
666,2018-06-01,10:03:25,3.7794999999999996,3.78,34406000.0,3.779,603000.0,3.78,524600.0
667,2018-06-01,10:03:28,3.7794999999999996,3.78,34471600.0,3.779,603000.0,3.78,459000.0
668,2018-06-01,10:03:31,3.7785,3.779,35074600.0,3.778,670200.0,3.779,197000.0
669,2018-06-01,10:03:34,3.7785,3.779,35080500.0,3.778,70100.0,3.779,196100.0
670,2018-06-01,10:03:37,3.7785,3.779,35080500.0,3.778,694100.0,3.779,197100.0
671,2018-06-01,10:03:40,3.7805,3.78,35736600.0,3.78,294100.0,3.781,256400.0
672,2018-06-01,10:03:43,3.7800000000000002,3.78,35736600.0,3.779,35500.0,3.781,265600.0
673,2018-06-01,10:03:46,3.7795,3.781,35759500.0,3.778,975200.0,3.781,265400.0
674,2018-06-01,10:03:49,3.7794999999999996,3.781,35759500.0,3.779,10000.0,3.78,100.0
675,2018-06-01,10:03:52,3.7794999999999996,3.781,35759500.0,3.779,10200.0,3.78,7300.0
676,2018-06-01,10:03:55,3.7794999999999996,3.781,35759500.0,3.779,58400.0,3.78,7300.0
677,2018-06-01,10:03:58,3.7794999999999996,3.779,35765300.0,3.779,52600.0,3.78,7300.0
678,2018-06-01,10:04:01,3.7794999999999996,3.78,35765900.0,3.779,52600.0,3.78,6700.0
679,2018-06-01,10:04:04,3.7794999999999996,3.78,35766600.0,3.779,52600.0,3.78,13200.0
680,2018-06-01,10:04:07,3.7794999999999996,3.779,35774800.0,3.779,52400.0,3.78,5300.0
681,2018-06-01,10:04:10,3.7794999999999996,3.779,35808400.0,3.779,29200.0,3.78,260400.0
682,2018-06-01,10:04:13,3.7794999999999996,3.779,35810500.0,3.779,27100.0,3.78,280700.0
683,2018-06-01,10:04:16,3.7794999999999996,3.779,35810500.0,3.779,27100.0,3.78,280700.0
684,2018-06-01,10:04:19,3.7794999999999996,3.78,35814500.0,3.779,48200.0,3.78,276700.0
685,2018-06-01,10:04:22,3.7794999999999996,3.78,35815000.0,3.779,48200.0,3.78,276200.0
686,2018-06-01,10:04:25,3.7794999999999996,3.78,35815000.0,3.779,49900.0,3.78,276200.0
687,2018-06-01,10:04:28,3.7794999999999996,3.78,35815200.0,3.779,49900.0,3.78,276000.0
688,2018-06-01,10:04:31,3.7794999999999996,3.78,35815200.0,3.779,49900.0,3.78,264900.0
689,2018-06-01,10:04:34,3.7785,3.779,35865100.0,3.778,75100.0,3.779,280100.0
690,2018-06-01,10:04:37,3.7785,3.779,35873100.0,3.778,75100.0,3.779,272100.0
691,2018-06-01,10:04:40,3.7785,3.779,35873100.0,3.778,75100.0,3.779,282100.0
692,2018-06-01,10:04:43,3.7785,3.779,35873100.0,3.778,75100.0,3.779,291300.0
693,2018-06-01,10:04:46,3.7785,3.778,35884400.0,3.778,64000.0,3.779,891200.0
694,2018-06-01,10:04:49,3.7785,3.778,35907300.0,3.778,57100.0,3.779,285100.0
695,2018-06-01,10:04:52,3.7785,3.778,35907300.0,3.778,57600.0,3.779,285100.0
696,2018-06-01,10:04:55,3.7785,3.778,35907300.0,3.778,89800.0,3.779,289800.0
697,2018-06-01,10:04:58,3.7785,3.778,35907300.0,3.778,109800.0,3.779,289800.0
698,2018-06-01,10:05:01,3.7785,3.778,35907500.0,3.778,114600.0,3.779,289800.0
699,2018-06-01,10:05:04,3.7785,3.779,35908500.0,3.778,114600.0,3.779,288800.0
700,2018-06-01,10:05:07,3.7785,3.779,35908500.0,3.778,114800.0,3.779,288800.0
701,2018-06-01,10:05:10,3.7785,3.778,35958600.0,3.778,88500.0,3.779,288800.0
702,2018-06-01,10:05:13,3.7785,3.778,36012000.0,3.778,39700.0,3.779,288800.0
703,2018-06-01,10:05:16,3.7785,3.779,36012100.0,3.778,39700.0,3.779,288700.0
704,2018-06-01,10:05:19,3.7785,3.779,36012100.0,3.778,39700.0,3.779,288700.0
705,2018-06-01,10:05:22,3.7785,3.779,36012100.0,3.778,39800.0,3.779,288700.0
706,2018-06-01,10:05:25,3.7785,3.779,36013100.0,3.778,39800.0,3.779,533000.0
707,2018-06-01,10:05:28,3.7785,3.779,36013100.0,3.778,39800.0,3.779,533000.0
708,2018-06-01,10:05:31,3.7785,3.779,36013100.0,3.778,49700.0,3.779,533000.0
709,2018-06-01,10:05:34,3.7785,3.779,36014500.0,3.778,59700.0,3.779,531600.0
710,2018-06-01,10:05:37,3.7785,3.778,36019200.0,3.778,55000.0,3.779,531600.0
711,2018-06-01,10:05:40,3.7785,3.779,36120900.0,3.778,53300.0,3.779,431600.0
712,2018-06-01,10:05:43,3.7785,3.778,36124200.0,3.778,50000.0,3.779,431600.0
713,2018-06-01,10:05:46,3.7785,3.779,36124400.0,3.778,52000.0,3.779,431400.0
714,2018-06-01,10:05:49,3.7785,3.779,36124400.0,3.778,57400.0,3.779,431400.0
715,2018-06-01,10:05:52,3.7785,3.779,36124400.0,3.778,79700.0,3.779,431400.0
716,2018-06-01,10:05:55,3.7785,3.779,36124400.0,3.778,87900.0,3.779,431400.0
717,2018-06-01,10:05:58,3.7785,3.778,36128400.0,3.778,83900.0,3.779,431400.0
718,2018-06-01,10:06:01,3.7785,3.779,36145500.0,3.778,85900.0,3.779,414300.0
719,2018-06-01,10:06:04,3.7785,3.779,36146300.0,3.778,85900.0,3.779,413500.0
720,2018-06-01,10:06:07,3.7785,3.779,36146300.0,3.778,85900.0,3.779,413500.0
721,2018-06-01,10:06:10,3.7785,3.779,36146300.0,3.778,385900.0,3.779,413500.0
722,2018-06-01,10:06:13,3.7785,3.779,36169400.0,3.778,382100.0,3.779,394200.0
723,2018-06-01,10:06:16,3.7785,3.779,36169400.0,3.778,390100.0,3.779,394200.0
724,2018-06-01,10:06:19,3.7785,3.779,36169400.0,3.778,390100.0,3.779,394200.0
725,2018-06-01,10:06:22,3.7785,3.779,36169400.0,3.778,390100.0,3.779,394200.0
726,2018-06-01,10:06:25,3.7785,3.779,36169700.0,3.778,390100.0,3.779,393900.0
727,2018-06-01,10:06:28,3.7785,3.779,36169700.0,3.778,390100.0,3.779,393900.0
728,2018-06-01,10:06:31,3.7785,3.779,36169700.0,3.778,390100.0,3.779,393900.0
729,2018-06-01,10:06:34,3.7785,3.779,36169700.0,3.778,390100.0,3.779,393900.0
730,2018-06-01,10:06:40,3.7785,3.779,36180400.0,3.778,390100.0,3.779,383200.0
731,2018-06-01,10:06:43,3.7785,3.779,36180400.0,3.778,390100.0,3.779,387400.0
732,2018-06-01,10:06:46,3.7785,3.779,36180600.0,3.778,400100.0,3.779,387200.0
733,2018-06-01,10:06:49,3.7785,3.779,36192400.0,3.778,400100.0,3.779,375400.0
734,2018-06-01,10:06:52,3.7785,3.779,36192400.0,3.778,400300.0,3.779,375400.0
735,2018-06-01,10:06:55,3.7785,3.779,36192400.0,3.778,400800.0,3.779,375400.0
736,2018-06-01,10:06:58,3.7785,3.779,36199600.0,3.778,400800.0,3.779,368200.0
737,2018-06-01,10:07:01,3.7785,3.779,36199600.0,3.778,401800.0,3.779,368200.0
738,2018-06-01,10:07:04,3.7785,3.779,36199600.0,3.778,402300.0,3.779,368200.0
739,2018-06-01,10:07:07,3.779,3.779,36567800.0,3.778,402300.0,3.78,259200.0
740,2018-06-01,10:07:10,3.779,3.779,36567800.0,3.778,402300.0,3.78,259200.0
741,2018-06-01,10:07:13,3.7794999999999996,3.779,36567800.0,3.779,12500.0,3.78,265000.0
742,2018-06-01,10:07:16,3.7794999999999996,3.779,36567800.0,3.779,18000.0,3.78,265000.0
743,2018-06-01,10:07:19,3.7794999999999996,3.779,36567800.0,3.779,22000.0,3.78,265000.0
744,2018-06-01,10:07:22,3.7794999999999996,3.779,36567800.0,3.779,22500.0,3.78,265000.0
745,2018-06-01,10:07:25,3.7794999999999996,3.779,36567800.0,3.779,22500.0,3.78,295000.0
746,2018-06-01,10:07:28,3.7794999999999996,3.78,36568300.0,3.779,22500.0,3.78,294500.0
747,2018-06-01,10:07:31,3.7800000000000002,3.78,36862800.0,3.779,622600.0,3.781,265400.0
748,2018-06-01,10:07:34,3.7805,3.78,36862800.0,3.78,97200.0,3.781,265400.0
749,2018-06-01,10:07:37,3.7805,3.78,36866200.0,3.78,89500.0,3.781,265400.0
750,2018-06-01,10:07:40,3.7805,3.78,36866200.0,3.78,209800.0,3.781,265400.0
751,2018-06-01,10:07:43,3.7805,3.781,36916300.0,3.78,210800.0,3.781,215300.0
752,2018-06-01,10:07:46,3.7815000000000003,3.781,37131600.0,3.781,744000.0,3.782,260500.0
753,2018-06-01,10:07:49,3.7824999999999998,3.782,37392100.0,3.782,39500.0,3.783,765800.0
754,2018-06-01,10:07:52,3.7835,3.783,38157900.0,3.783,134500.0,3.784,783400.0
755,2018-06-01,10:07:55,3.7835,3.783,38164500.0,3.783,132900.0,3.784,783400.0
756,2018-06-01,10:07:58,3.7835,3.783,38164500.0,3.783,132900.0,3.784,783400.0
757,2018-06-01,10:08:01,3.7835,3.783,38164500.0,3.783,132900.0,3.784,783400.0
758,2018-06-01,10:08:04,3.7835,3.783,38164500.0,3.783,132900.0,3.784,783400.0
759,2018-06-01,10:08:07,3.7835,3.783,38164500.0,3.783,135500.0,3.784,783400.0
760,2018-06-01,10:08:10,3.7835,3.784,38234600.0,3.783,439800.0,3.784,713300.0
761,2018-06-01,10:08:13,3.7835,3.784,38548900.0,3.783,139800.0,3.784,399000.0
762,2018-06-01,10:08:16,3.7845,3.784,38947900.0,3.784,525000.0,3.785,308900.0
763,2018-06-01,10:08:19,3.7845,3.784,38947900.0,3.784,573000.0,3.785,308900.0
764,2018-06-01,10:08:22,3.7855,3.785,39356900.0,3.785,1340300.0,3.786,255000.0
765,2018-06-01,10:08:25,3.7855,3.785,39356900.0,3.785,1473200.0,3.786,255000.0
766,2018-06-01,10:08:28,3.7865,3.786,39653300.0,3.786,458900.0,3.787,290600.0
767,2018-06-01,10:08:31,3.7865,3.786,39655000.0,3.786,457200.0,3.787,295600.0
768,2018-06-01,10:08:34,3.7865,3.786,39663900.0,3.786,578900.0,3.787,295600.0
769,2018-06-01,10:08:37,3.7865,3.787,39674600.0,3.786,585800.0,3.787,285000.0
770,2018-06-01,10:08:40,3.7865,3.787,39674600.0,3.786,585800.0,3.787,285000.0
771,2018-06-01,10:08:43,3.7865,3.787,39680000.0,3.786,578800.0,3.787,279600.0
772,2018-06-01,10:08:46,3.7865,3.787,39680200.0,3.786,578800.0,3.787,710500.0
773,2018-06-01,10:08:49,3.7865,3.787,40290300.0,3.786,548800.0,3.787,130400.0
774,2018-06-01,10:08:52,3.7865,3.787,40419100.0,3.786,549200.0,3.787,1600.0
775,2018-06-01,10:08:55,3.7874999999999996,3.787,40420700.0,3.787,35400.0,3.788,367800.0
776,2018-06-01,10:08:58,3.7874999999999996,3.787,40422800.0,3.787,142000.0,3.788,367800.0
777,2018-06-01,10:09:01,3.7874999999999996,3.787,40456400.0,3.787,114400.0,3.788,367800.0
778,2018-06-01,10:09:04,3.7874999999999996,3.787,40456400.0,3.787,114400.0,3.788,367800.0
779,2018-06-01,10:09:07,3.7874999999999996,3.787,40456400.0,3.787,114400.0,3.788,369800.0
780,2018-06-01,10:09:10,3.7874999999999996,3.787,40463600.0,3.787,213100.0,3.788,369800.0
781,2018-06-01,10:09:13,3.7874999999999996,3.787,40463600.0,3.787,213100.0,3.788,369800.0
782,2018-06-01,10:09:16,3.7874999999999996,3.788,40488600.0,3.787,213100.0,3.788,344800.0
783,2018-06-01,10:09:19,3.7874999999999996,3.787,40518700.0,3.787,182700.0,3.788,344800.0
784,2018-06-01,10:09:22,3.7874999999999996,3.787,40529700.0,3.787,173100.0,3.788,343800.0
785,2018-06-01,10:09:25,3.7874999999999996,3.787,40580700.0,3.787,122100.0,3.788,343800.0
786,2018-06-01,10:09:28,3.7874999999999996,3.787,40583400.0,3.787,125000.0,3.788,341200.0
787,2018-06-01,10:09:31,3.7874999999999996,3.788,40588700.0,3.787,120000.0,3.788,344900.0
788,2018-06-01,10:09:34,3.7874999999999996,3.788,40588700.0,3.787,120300.0,3.788,344900.0
789,2018-06-01,10:09:37,3.7874999999999996,3.788,40598800.0,3.787,114300.0,3.788,340800.0
790,2018-06-01,10:09:40,3.7874999999999996,3.788,40598800.0,3.787,114300.0,3.788,340800.0
791,2018-06-01,10:09:43,3.7874999999999996,3.787,40600800.0,3.787,12300.0,3.788,340800.0
792,2018-06-01,10:09:46,3.7874999999999996,3.787,40600800.0,3.787,41500.0,3.788,340800.0
793,2018-06-01,10:09:49,3.7874999999999996,3.787,40600800.0,3.787,41500.0,3.788,340800.0
794,2018-06-01,10:09:52,3.7874999999999996,3.788,40601600.0,3.787,42000.0,3.788,343100.0
795,2018-06-01,10:09:55,3.7874999999999996,3.788,40603300.0,3.787,42000.0,3.788,341400.0
796,2018-06-01,10:09:58,3.7874999999999996,3.788,40647600.0,3.787,700.0,3.788,338400.0
797,2018-06-01,10:10:01,3.787,3.788,40655900.0,3.786,141500.0,3.788,335100.0
798,2018-06-01,10:10:04,3.7865,3.788,40860900.0,3.786,141500.0,3.787,10000.0
799,2018-06-01,10:10:07,3.7865,3.788,40860900.0,3.786,141500.0,3.787,20000.0
800,2018-06-01,10:10:10,3.7865,3.788,40860900.0,3.786,141500.0,3.787,20000.0
801,2018-06-01,10:10:13,3.7865,3.787,40866400.0,3.786,141500.0,3.787,14500.0
802,2018-06-01,10:10:16,3.7865,3.787,40866400.0,3.786,141500.0,3.787,14500.0
803,2018-06-01,10:10:19,3.7865,3.787,40866400.0,3.786,141500.0,3.787,14500.0
804,2018-06-01,10:10:22,3.7865,3.787,40866400.0,3.786,141500.0,3.787,14500.0
805,2018-06-01,10:10:25,3.7865,3.787,40866400.0,3.786,141500.0,3.787,14500.0
806,2018-06-01,10:10:28,3.787,3.787,40880900.0,3.786,141500.0,3.788,132400.0
807,2018-06-01,10:10:31,3.7874999999999996,3.787,40880900.0,3.787,5000.0,3.788,132400.0
808,2018-06-01,10:10:34,3.7874999999999996,3.787,40880900.0,3.787,10000.0,3.788,134400.0
809,2018-06-01,10:10:37,3.7874999999999996,3.787,40880900.0,3.787,10000.0,3.788,134400.0
810,2018-06-01,10:10:40,3.7874999999999996,3.787,40880900.0,3.787,5000.0,3.788,134400.0
811,2018-06-01,10:10:43,3.7874999999999996,3.787,40880900.0,3.787,7000.0,3.788,141400.0
812,2018-06-01,10:10:46,3.7865,3.787,40887900.0,3.786,141500.0,3.787,100400.0
813,2018-06-01,10:10:49,3.7865,3.787,40892900.0,3.786,141500.0,3.787,95400.0
814,2018-06-01,10:10:52,3.7865,3.787,40893200.0,3.786,141500.0,3.787,95100.0
815,2018-06-01,10:10:55,3.7865,3.786,40953200.0,3.786,81500.0,3.787,95100.0
816,2018-06-01,10:10:58,3.7865,3.787,40961800.0,3.786,81500.0,3.787,92200.0
817,2018-06-01,10:11:01,3.7855,3.786,41049900.0,3.785,421200.0,3.786,458500.0
818,2018-06-01,10:11:04,3.7855,3.786,41052600.0,3.785,421200.0,3.786,455800.0
819,2018-06-01,10:11:07,3.7874999999999996,3.787,41594000.0,3.787,814400.0,3.788,156800.0
820,2018-06-01,10:11:10,3.7874999999999996,3.787,41594000.0,3.787,814400.0,3.788,156800.0
821,2018-06-01,10:11:13,3.786,3.788,41594400.0,3.785,421200.0,3.787,15000.0
822,2018-06-01,10:11:16,3.787,3.787,41609400.0,3.786,900000.0,3.788,163400.0
823,2018-06-01,10:11:19,3.787,3.787,41609400.0,3.786,900000.0,3.788,163400.0
824,2018-06-01,10:11:22,3.7865,3.786,41624400.0,3.786,885500.0,3.787,51600.0
825,2018-06-01,10:11:25,3.7865,3.787,41630000.0,3.786,885500.0,3.787,46000.0
826,2018-06-01,10:11:28,3.7865,3.787,41630000.0,3.786,885500.0,3.787,46000.0
827,2018-06-01,10:11:31,3.7865,3.787,41630000.0,3.786,885500.0,3.787,46000.0
828,2018-06-01,10:11:34,3.7865,3.786,41633400.0,3.786,882100.0,3.787,46000.0
829,2018-06-01,10:11:37,3.7865,3.787,41663100.0,3.786,500.0,3.787,40300.0
830,2018-06-01,10:11:40,3.786,3.787,41665600.0,3.785,603100.0,3.787,45000.0
831,2018-06-01,10:11:43,3.786,3.787,41680600.0,3.785,603100.0,3.787,630100.0
832,2018-06-01,10:11:46,3.786,3.787,41680600.0,3.785,603100.0,3.787,930600.0
833,2018-06-01,10:11:49,3.786,3.787,41680600.0,3.785,603100.0,3.787,930600.0
834,2018-06-01,10:11:52,3.786,3.785,41707600.0,3.785,576100.0,3.787,930600.0
835,2018-06-01,10:11:55,3.786,3.785,41707700.0,3.785,594300.0,3.787,930600.0
836,2018-06-01,10:11:58,3.786,3.787,41712700.0,3.785,594300.0,3.787,925600.0
837,2018-06-01,10:12:01,3.7855,3.785,42013700.0,3.785,293800.0,3.786,674000.0
838,2018-06-01,10:12:04,3.7855,3.785,42013900.0,3.785,18100.0,3.786,674000.0
839,2018-06-01,10:12:07,3.7855,3.785,42013900.0,3.785,18400.0,3.786,73900.0
840,2018-06-01,10:12:10,3.7845,3.785,42042300.0,3.784,102100.0,3.785,231600.0
841,2018-06-01,10:12:13,3.7845,3.785,42051000.0,3.784,2300.0,3.785,223400.0
842,2018-06-01,10:12:16,3.7845,3.785,42051000.0,3.784,2300.0,3.785,223400.0
843,2018-06-01,10:12:19,3.785,3.785,42326500.0,3.784,2300.0,3.786,664000.0
844,2018-06-01,10:12:22,3.7845,3.785,42326500.0,3.784,2300.0,3.785,5100.0
845,2018-06-01,10:12:25,3.785,3.786,42344500.0,3.784,2300.0,3.786,661700.0
846,2018-06-01,10:12:28,3.785,3.786,42344500.0,3.784,2300.0,3.786,661700.0
847,2018-06-01,10:12:31,3.785,3.786,42344500.0,3.784,2300.0,3.786,661700.0
848,2018-06-01,10:12:34,3.7845,3.786,42344500.0,3.784,2300.0,3.785,615600.0
849,2018-06-01,10:12:37,3.7845,3.786,42344500.0,3.784,2300.0,3.785,615600.0
850,2018-06-01,10:12:40,3.7845,3.786,42344500.0,3.784,2300.0,3.785,615600.0
851,2018-06-01,10:12:43,3.7845,3.786,42344500.0,3.784,2300.0,3.785,615600.0
852,2018-06-01,10:12:46,3.7845,3.786,42344500.0,3.784,2300.0,3.785,15500.0
853,2018-06-01,10:12:49,3.7845,3.785,42348500.0,3.784,2300.0,3.785,11500.0
854,2018-06-01,10:12:52,3.7845,3.785,42348800.0,3.784,2300.0,3.785,311200.0
855,2018-06-01,10:12:55,3.7845,3.785,42348800.0,3.784,2300.0,3.785,1161300.0
856,2018-06-01,10:12:58,3.7845,3.785,42348800.0,3.784,2300.0,3.785,1161300.0
857,2018-06-01,10:13:01,3.7845,3.785,42348800.0,3.784,2300.0,3.785,561200.0
858,2018-06-01,10:13:04,3.7845,3.785,42348800.0,3.784,2300.0,3.785,561200.0
859,2018-06-01,10:13:07,3.7845,3.785,42348800.0,3.784,2300.0,3.785,561200.0
860,2018-06-01,10:13:10,3.7845,3.785,42349200.0,3.784,2300.0,3.785,1160900.0
861,2018-06-01,10:13:13,3.7845,3.785,42349200.0,3.784,2300.0,3.785,1160900.0
862,2018-06-01,10:13:16,3.7835,3.784,42353900.0,3.783,6600.0,3.784,7300.0
863,2018-06-01,10:13:19,3.7835,3.784,42353900.0,3.783,6600.0,3.784,7300.0
864,2018-06-01,10:13:22,3.7835,3.784,42353900.0,3.783,6600.0,3.784,7300.0
865,2018-06-01,10:13:25,3.7835,3.784,42353900.0,3.783,6600.0,3.784,7300.0
866,2018-06-01,10:13:28,3.7835,3.784,42353900.0,3.783,6600.0,3.784,7300.0
867,2018-06-01,10:13:31,3.7835,3.784,42353900.0,3.783,306600.0,3.784,7300.0
868,2018-06-01,10:13:34,3.7835,3.784,42353900.0,3.783,307100.0,3.784,7300.0
869,2018-06-01,10:13:37,3.7835,3.784,42353900.0,3.783,307100.0,3.784,7300.0
870,2018-06-01,10:13:40,3.784,3.785,42653900.0,3.783,1212100.0,3.785,250000.0
871,2018-06-01,10:13:43,3.784,3.785,42653900.0,3.783,1212100.0,3.785,251100.0
872,2018-06-01,10:13:46,3.784,3.785,42653900.0,3.783,912100.0,3.785,252100.0
873,2018-06-01,10:13:49,3.784,3.785,42653900.0,3.783,912200.0,3.785,252100.0
874,2018-06-01,10:13:52,3.784,3.783,42673900.0,3.783,893200.0,3.785,303100.0
875,2018-06-01,10:13:55,3.7835,3.783,42673900.0,3.783,893200.0,3.784,400.0
876,2018-06-01,10:13:58,3.7835,3.783,42673900.0,3.783,893200.0,3.784,400.0
877,2018-06-01,10:14:01,3.7835,3.783,42673900.0,3.783,893200.0,3.784,5100.0
878,2018-06-01,10:14:04,3.7835,3.783,42673900.0,3.783,893200.0,3.784,5100.0
879,2018-06-01,10:14:07,3.7835,3.783,42673900.0,3.783,893200.0,3.784,21200.0
880,2018-06-01,10:14:10,3.7835,3.783,42673900.0,3.783,893200.0,3.784,21200.0
881,2018-06-01,10:14:13,3.7835,3.783,42673900.0,3.783,913200.0,3.784,22300.0
882,2018-06-01,10:14:16,3.7835,3.783,42673900.0,3.783,25100.0,3.784,22300.0
883,2018-06-01,10:14:19,3.7835,3.783,42673900.0,3.783,25100.0,3.784,622400.0
884,2018-06-01,10:14:22,3.7835,3.783,42673900.0,3.783,25100.0,3.784,622400.0
885,2018-06-01,10:14:25,3.783,3.783,42699000.0,3.782,915800.0,3.784,622400.0
886,2018-06-01,10:14:28,3.783,3.783,42699000.0,3.782,920800.0,3.784,606300.0
887,2018-06-01,10:14:31,3.783,3.783,42699800.0,3.782,920800.0,3.784,606300.0
888,2018-06-01,10:14:34,3.7824999999999998,3.782,43349500.0,3.782,271100.0,3.783,50100.0
889,2018-06-01,10:14:37,3.7824999999999998,3.782,43349500.0,3.782,271100.0,3.783,650200.0
890,2018-06-01,10:14:40,3.7824999999999998,3.782,43399600.0,3.782,221000.0,3.783,650200.0
891,2018-06-01,10:14:43,3.7824999999999998,3.782,43399600.0,3.782,221000.0,3.783,54500.0
892,2018-06-01,10:14:46,3.783,3.783,43459600.0,3.782,221000.0,3.784,606300.0
893,2018-06-01,10:14:49,3.7835,3.783,43460200.0,3.783,300.0,3.784,606300.0
894,2018-06-01,10:14:52,3.7835,3.784,43641600.0,3.783,200.0,3.784,604900.0
895,2018-06-01,10:14:55,3.7835,3.784,43641600.0,3.783,200.0,3.784,604900.0
896,2018-06-01,10:14:58,3.7824999999999998,3.783,43642900.0,3.782,40900.0,3.783,700.0
897,2018-06-01,10:15:01,3.7824999999999998,3.783,43643200.0,3.782,41000.0,3.783,400.0
898,2018-06-01,10:15:04,3.7824999999999998,3.783,43643200.0,3.782,41600.0,3.783,19400.0
899,2018-06-01,10:15:07,3.7824999999999998,3.783,43643500.0,3.782,41600.0,3.783,19100.0
900,2018-06-01,10:15:10,3.7824999999999998,3.783,43643700.0,3.782,57100.0,3.783,18900.0
901,2018-06-01,10:15:13,3.7824999999999998,3.783,43643700.0,3.782,57100.0,3.783,23300.0
902,2018-06-01,10:15:16,3.7824999999999998,3.782,43644600.0,3.782,40700.0,3.783,23300.0
903,2018-06-01,10:15:19,3.7824999999999998,3.782,43644600.0,3.782,40700.0,3.783,23300.0
904,2018-06-01,10:15:22,3.7815000000000003,3.782,43687900.0,3.781,110900.0,3.782,100.0
905,2018-06-01,10:15:25,3.7824999999999998,3.782,43688000.0,3.782,7400.0,3.783,20700.0
906,2018-06-01,10:15:28,3.7824999999999998,3.782,43688000.0,3.782,7400.0,3.783,20700.0
907,2018-06-01,10:15:31,3.7824999999999998,3.783,43692800.0,3.782,7900.0,3.783,15900.0
908,2018-06-01,10:15:34,3.7824999999999998,3.783,43692800.0,3.782,23400.0,3.783,15900.0
909,2018-06-01,10:15:37,3.7824999999999998,3.783,43708300.0,3.782,23400.0,3.783,20400.0
910,2018-06-01,10:15:40,3.7824999999999998,3.782,43718300.0,3.782,13400.0,3.783,20400.0
911,2018-06-01,10:15:43,3.7824999999999998,3.783,43719300.0,3.782,13400.0,3.783,22900.0
912,2018-06-01,10:15:46,3.7824999999999998,3.783,43719300.0,3.782,13400.0,3.783,22900.0
913,2018-06-01,10:15:49,3.7824999999999998,3.783,43722800.0,3.782,12900.0,3.783,21900.0
914,2018-06-01,10:15:52,3.7824999999999998,3.783,43724800.0,3.782,12900.0,3.783,19900.0
915,2018-06-01,10:15:55,3.7824999999999998,3.783,43724900.0,3.782,12900.0,3.783,19800.0
916,2018-06-01,10:15:58,3.7824999999999998,3.783,43724900.0,3.782,12900.0,3.783,20300.0
917,2018-06-01,10:16:01,3.7824999999999998,3.783,43729900.0,3.782,12900.0,3.783,15300.0
918,2018-06-01,10:16:04,3.7824999999999998,3.783,43729900.0,3.782,12900.0,3.783,15300.0
919,2018-06-01,10:16:07,3.7835,3.783,43745200.0,3.783,36900.0,3.784,7300.0
920,2018-06-01,10:16:10,3.7835,3.783,43745200.0,3.783,36900.0,3.784,9300.0
921,2018-06-01,10:16:13,3.7835,3.783,43745200.0,3.783,20700.0,3.784,11300.0
922,2018-06-01,10:16:16,3.7835,3.783,43755200.0,3.783,21200.0,3.784,16400.0
923,2018-06-01,10:16:19,3.7835,3.783,43755200.0,3.783,21200.0,3.784,16400.0
924,2018-06-01,10:16:22,3.7835,3.783,43755200.0,3.783,21200.0,3.784,16400.0
925,2018-06-01,10:16:25,3.7835,3.784,43757200.0,3.783,21200.0,3.784,14400.0
926,2018-06-01,10:16:28,3.7835,3.784,43757600.0,3.783,21200.0,3.784,614100.0
927,2018-06-01,10:16:31,3.7835,3.783,43765100.0,3.783,14200.0,3.784,14000.0
928,2018-06-01,10:16:34,3.7835,3.783,43775100.0,3.783,4200.0,3.784,14000.0
929,2018-06-01,10:16:37,3.7835,3.783,43775100.0,3.783,4200.0,3.784,14000.0
930,2018-06-01,10:16:40,3.7835,3.783,43775100.0,3.783,9000.0,3.784,14000.0
931,2018-06-01,10:16:43,3.7835,3.783,43775100.0,3.783,9000.0,3.784,18400.0
932,2018-06-01,10:16:46,3.7835,3.783,43775100.0,3.783,9000.0,3.784,24900.0
933,2018-06-01,10:16:49,3.7835,3.783,43775100.0,3.783,9000.0,3.784,24900.0
934,2018-06-01,10:16:52,3.7835,3.783,43777200.0,3.783,7100.0,3.784,625000.0
935,2018-06-01,10:16:55,3.7835,3.783,43777200.0,3.783,31100.0,3.784,24900.0
936,2018-06-01,10:16:58,3.7835,3.783,43777200.0,3.783,31100.0,3.784,24900.0
937,2018-06-01,10:17:01,3.7824999999999998,3.783,43808300.0,3.782,860900.0,3.783,58900.0
938,2018-06-01,10:17:04,3.7824999999999998,3.783,43808300.0,3.782,860900.0,3.783,58900.0
939,2018-06-01,10:17:07,3.7824999999999998,3.783,43808300.0,3.782,10900.0,3.783,58900.0
940,2018-06-01,10:17:10,3.783,3.783,43808300.0,3.782,10900.0,3.784,24900.0
941,2018-06-01,10:17:13,3.7824999999999998,3.783,43808300.0,3.781,116700.0,3.784,27200.0
942,2018-06-01,10:17:16,3.782,3.783,43808300.0,3.781,116700.0,3.783,13200.0
943,2018-06-01,10:17:19,3.782,3.783,43809600.0,3.781,116700.0,3.783,11900.0
944,2018-06-01,10:17:22,3.782,3.783,43809600.0,3.781,116800.0,3.783,11900.0
945,2018-06-01,10:17:25,3.782,3.783,43809600.0,3.781,116800.0,3.783,11900.0
946,2018-06-01,10:17:28,3.782,3.783,43809600.0,3.781,116800.0,3.783,62900.0
947,2018-06-01,10:17:31,3.782,3.781,43868500.0,3.781,57900.0,3.783,62900.0
948,2018-06-01,10:17:34,3.782,3.781,43868500.0,3.781,357900.0,3.783,62900.0
949,2018-06-01,10:17:37,3.782,3.783,43868800.0,3.781,357900.0,3.783,62600.0
950,2018-06-01,10:17:40,3.782,3.783,43868800.0,3.781,958000.0,3.783,62600.0
951,2018-06-01,10:17:43,3.782,3.783,43868800.0,3.781,357900.0,3.783,70200.0
952,2018-06-01,10:17:46,3.7824999999999998,3.783,43868800.0,3.782,2100.0,3.783,70200.0
953,2018-06-01,10:17:49,3.7824999999999998,3.783,43878800.0,3.782,2100.0,3.783,60200.0
954,2018-06-01,10:17:52,3.7824999999999998,3.783,43878800.0,3.782,2300.0,3.783,60200.0
955,2018-06-01,10:17:55,3.783,3.783,43939000.0,3.782,3300.0,3.784,27200.0
956,2018-06-01,10:17:58,3.783,3.783,43939000.0,3.782,1453400.0,3.784,27200.0
957,2018-06-01,10:18:01,3.783,3.783,43939000.0,3.782,1453400.0,3.784,27200.0
958,2018-06-01,10:18:04,3.784,3.784,43979400.0,3.783,2300.0,3.785,256700.0
959,2018-06-01,10:18:07,3.7845,3.784,43979400.0,3.784,51400.0,3.785,256700.0
960,2018-06-01,10:18:10,3.7845,3.784,43979400.0,3.784,62600.0,3.785,256700.0
961,2018-06-01,10:18:13,3.7845,3.785,44137600.0,3.784,4400.0,3.785,156700.0
962,2018-06-01,10:18:16,3.7845,3.784,44138600.0,3.784,8800.0,3.785,156700.0
963,2018-06-01,10:18:19,3.7845,3.784,44138600.0,3.784,8800.0,3.785,156700.0
964,2018-06-01,10:18:22,3.784,3.783,44238600.0,3.783,24800.0,3.785,156700.0
965,2018-06-01,10:18:25,3.7845,3.785,44268600.0,3.784,2500.0,3.785,126700.0
966,2018-06-01,10:18:28,3.7845,3.785,44268600.0,3.784,7500.0,3.785,126700.0
967,2018-06-01,10:18:31,3.7845,3.785,44268600.0,3.784,7500.0,3.785,126700.0
968,2018-06-01,10:18:34,3.7845,3.785,44268600.0,3.784,7500.0,3.785,126700.0
969,2018-06-01,10:18:37,3.7845,3.785,44268600.0,3.784,7500.0,3.785,126700.0
970,2018-06-01,10:18:40,3.7845,3.785,44268600.0,3.784,7500.0,3.785,126700.0
971,2018-06-01,10:18:43,3.7845,3.785,44268900.0,3.784,10100.0,3.785,129300.0
972,2018-06-01,10:18:46,3.7855,3.785,44398300.0,3.785,685000.0,3.786,15200.0
973,2018-06-01,10:18:49,3.7855,3.785,44398300.0,3.785,685000.0,3.786,15200.0
974,2018-06-01,10:18:52,3.7855,3.785,44398300.0,3.785,685200.0,3.786,615300.0
975,2018-06-01,10:18:55,3.7855,3.785,44448400.0,3.785,635100.0,3.786,15200.0
976,2018-06-01,10:18:58,3.7855,3.785,44458400.0,3.785,625100.0,3.786,15200.0
977,2018-06-01,10:19:01,3.7855,3.785,44458400.0,3.785,625100.0,3.786,15200.0
978,2018-06-01,10:19:04,3.7855,3.785,44458400.0,3.785,1125100.0,3.786,15200.0
979,2018-06-01,10:19:07,3.7855,3.785,44458400.0,3.785,1125100.0,3.786,65300.0
980,2018-06-01,10:19:10,3.7855,3.785,44458400.0,3.785,1125100.0,3.786,65300.0
981,2018-06-01,10:19:13,3.7855,3.786,44470900.0,3.785,1125100.0,3.786,54500.0
982,2018-06-01,10:19:16,3.7865,3.786,44525400.0,3.786,72000.0,3.787,611100.0
983,2018-06-01,10:19:19,3.7855,3.786,44658300.0,3.785,1064300.0,3.786,538000.0
984,2018-06-01,10:19:22,3.7855,3.786,44658300.0,3.785,1064400.0,3.786,610100.0
985,2018-06-01,10:19:25,3.7855,3.786,44662800.0,3.785,1064400.0,3.786,605600.0
986,2018-06-01,10:19:28,3.7855,3.786,44662800.0,3.785,1064800.0,3.786,5500.0
987,2018-06-01,10:19:31,3.7855,3.786,44662800.0,3.785,1064800.0,3.786,5500.0
988,2018-06-01,10:19:34,3.7855,3.786,44662800.0,3.785,1064800.0,3.786,5500.0
989,2018-06-01,10:19:37,3.7855,3.786,44662800.0,3.785,1064800.0,3.786,5500.0
990,2018-06-01,10:19:40,3.7855,3.786,44664200.0,3.785,1064800.0,3.786,4100.0
991,2018-06-01,10:19:43,3.7855,3.786,44664200.0,3.785,1064800.0,3.786,7400.0
992,2018-06-01,10:19:46,3.7855,3.786,44664200.0,3.785,1064800.0,3.786,607500.0
993,2018-06-01,10:19:49,3.7855,3.786,44666100.0,3.785,1064800.0,3.786,605600.0
994,2018-06-01,10:19:52,3.7855,3.785,44717800.0,3.785,1015000.0,3.786,603900.0
995,2018-06-01,10:19:55,3.7855,3.785,44717800.0,3.785,1015000.0,3.786,603900.0
996,2018-06-01,10:19:58,3.7855,3.785,45617900.0,3.785,114900.0,3.786,3800.0
997,2018-06-01,10:20:01,3.784,3.784,45745400.0,3.783,40300.0,3.785,600100.0
998,2018-06-01,10:20:04,3.784,3.785,45795700.0,3.783,40700.0,3.785,550600.0
999,2018-06-01,10:20:07,3.784,3.785,45798200.0,3.783,43700.0,3.785,548100.0
1000,2018-06-01,10:20:10,3.7845,3.785,45798200.0,3.784,2100.0,3.785,548100.0
1001,2018-06-01,10:20:13,3.7845,3.785,45798200.0,3.784,2100.0,3.785,604200.0
1002,2018-06-01,10:20:16,3.7845,3.785,45798200.0,3.784,2100.0,3.785,4100.0
1003,2018-06-01,10:20:19,3.7845,3.785,45798200.0,3.784,2100.0,3.785,4100.0
1004,2018-06-01,10:20:22,3.7845,3.785,45798200.0,3.784,2100.0,3.785,9400.0
1005,2018-06-01,10:20:25,3.7845,3.785,45798200.0,3.784,2100.0,3.785,609500.0
1006,2018-06-01,10:20:28,3.7835,3.784,45800300.0,3.783,54900.0,3.784,1900.0
1007,2018-06-01,10:20:31,3.7835,3.784,45800300.0,3.783,54900.0,3.784,21900.0
1008,2018-06-01,10:20:34,3.7835,3.784,45800300.0,3.783,54900.0,3.784,21900.0
1009,2018-06-01,10:20:37,3.7835,3.784,45800300.0,3.783,54900.0,3.784,21900.0
1010,2018-06-01,10:20:40,3.7835,3.784,45800300.0,3.783,54900.0,3.784,21900.0
1011,2018-06-01,10:20:43,3.7835,3.783,45812300.0,3.783,42900.0,3.784,8600.0
1012,2018-06-01,10:20:46,3.7835,3.783,45812300.0,3.783,37900.0,3.784,8600.0
1013,2018-06-01,10:20:49,3.7835,3.783,45812300.0,3.783,37900.0,3.784,8600.0
1014,2018-06-01,10:20:52,3.7824999999999998,3.783,45850400.0,3.782,93000.0,3.783,12700.0
1015,2018-06-01,10:20:55,3.7824999999999998,3.783,45850600.0,3.782,93000.0,3.783,12500.0
1016,2018-06-01,10:20:58,3.7824999999999998,3.783,45850600.0,3.782,93000.0,3.783,112500.0
1017,2018-06-01,10:21:01,3.7824999999999998,3.783,45850600.0,3.782,93000.0,3.783,123800.0
1018,2018-06-01,10:21:04,3.7824999999999998,3.782,45857000.0,3.782,86700.0,3.783,123700.0
1019,2018-06-01,10:21:07,3.7824999999999998,3.782,45857000.0,3.782,86700.0,3.783,123700.0
1020,2018-06-01,10:21:10,3.7824999999999998,3.782,45857000.0,3.782,86700.0,3.783,123700.0
1021,2018-06-01,10:21:13,3.7824999999999998,3.782,45857000.0,3.782,86700.0,3.783,130400.0
1022,2018-06-01,10:21:16,3.7824999999999998,3.782,45857000.0,3.782,86700.0,3.783,110400.0
1023,2018-06-01,10:21:19,3.7824999999999998,3.783,45859000.0,3.782,86700.0,3.783,507700.0
1024,2018-06-01,10:21:22,3.7824999999999998,3.782,45860900.0,3.782,86500.0,3.783,506900.0
4773,2018-06-04,09:30:01,3.7945,3.795,895800.0,3.794,557300.0,3.795,36600.0
4774,2018-06-04,09:30:03,3.7965,3.796,1583500.0,3.796,494800.0,3.797,2000.0
4775,2018-06-04,09:30:07,3.7984999999999998,3.798,1633500.0,3.798,207200.0,3.799,429600.0
4776,2018-06-04,09:30:10,3.7984999999999998,3.798,1633700.0,3.798,231000.0,3.799,429600.0
4777,2018-06-04,09:30:13,3.7984999999999998,3.798,1660000.0,3.798,190700.0,3.799,429600.0
4778,2018-06-04,09:30:16,3.7984999999999998,3.798,2031900.0,3.798,118800.0,3.799,129600.0
4779,2018-06-04,09:30:19,3.7995,3.799,2172500.0,3.799,294000.0,3.8,40100.0
4780,2018-06-04,09:30:22,3.799,3.8,2188600.0,3.798,104800.0,3.8,90000.0
4781,2018-06-04,09:30:25,3.8015,3.801,2502300.0,3.801,85700.0,3.802,31400.0
4782,2018-06-04,09:30:28,3.7995,3.801,2531700.0,3.799,300000.0,3.8,400.0
4783,2018-06-04,09:30:31,3.799,3.8,2532300.0,3.798,393100.0,3.8,14800.0
4784,2018-06-04,09:30:34,3.8005,3.8,2552300.0,3.8,191300.0,3.801,100000.0
4785,2018-06-04,09:30:37,3.801,3.8,2669400.0,3.8,178500.0,3.802,26100.0
4786,2018-06-04,09:30:40,3.8005,3.8,2812200.0,3.8,35700.0,3.801,50000.0
4787,2018-06-04,09:30:43,3.799,3.798,2851500.0,3.798,90600.0,3.8,400.0
4788,2018-06-04,09:30:46,3.798,3.796,2946500.0,3.796,832100.0,3.8,11200.0
4789,2018-06-04,09:30:49,3.8005,3.8,2978800.0,3.8,23000.0,3.801,50000.0
4790,2018-06-04,09:30:52,3.798,3.8,3006800.0,3.796,832100.0,3.8,65000.0
4791,2018-06-04,09:30:55,3.798,3.8,3009800.0,3.796,832100.0,3.8,164800.0
4792,2018-06-04,09:30:58,3.7975000000000003,3.8,3009800.0,3.797,300100.0,3.798,3000.0
4793,2018-06-04,09:31:01,3.7969999999999997,3.8,3171800.0,3.796,832200.0,3.798,12700.0
4794,2018-06-04,09:31:04,3.798,3.796,3512800.0,3.796,772200.0,3.8,72800.0
4795,2018-06-04,09:31:07,3.798,3.796,3516500.0,3.797,10000.0,3.799,122300.0
4796,2018-06-04,09:31:10,3.798,3.796,3516500.0,3.797,181600.0,3.799,122300.0
4797,2018-06-04,09:31:13,3.798,3.799,3525200.0,3.797,165000.0,3.799,118600.0
4798,2018-06-04,09:31:16,3.798,3.799,3542200.0,3.797,149000.0,3.799,117600.0
4799,2018-06-04,09:31:19,3.7975,3.796,3704700.0,3.796,457900.0,3.799,117600.0
4800,2018-06-04,09:31:22,3.7965,3.796,3704700.0,3.796,460500.0,3.797,18400.0
4801,2018-06-04,09:31:25,3.7965,3.796,3803300.0,3.796,361900.0,3.797,31400.0
4802,2018-06-04,09:31:28,3.7965,3.796,4032600.0,3.796,132600.0,3.797,31400.0
4803,2018-06-04,09:31:31,3.7965,3.796,4104000.0,3.796,61200.0,3.797,31400.0
4804,2018-06-04,09:31:34,3.7975000000000003,3.797,4195200.0,3.797,260300.0,3.798,40200.0
4805,2018-06-04,09:31:37,3.7965,3.796,4539100.0,3.796,17300.0,3.797,47900.0
4806,2018-06-04,09:31:40,3.7954999999999997,3.796,4551900.0,3.795,18400.0,3.796,33200.0
4807,2018-06-04,09:31:43,3.7954999999999997,3.797,4561900.0,3.795,18400.0,3.796,9200.0
4808,2018-06-04,09:31:46,3.7954999999999997,3.795,4565700.0,3.795,14600.0,3.796,9200.0
4809,2018-06-04,09:31:49,3.7954999999999997,3.795,4566500.0,3.795,13800.0,3.796,10400.0
4810,2018-06-04,09:31:52,3.7954999999999997,3.795,4566500.0,3.795,13800.0,3.796,10400.0
4811,2018-06-04,09:31:55,3.7945,3.795,4580300.0,3.794,580600.0,3.795,77500.0
4812,2018-06-04,09:31:58,3.7945,3.795,4582000.0,3.794,590600.0,3.795,75800.0
4813,2018-06-04,09:32:01,3.7945,3.794,4608800.0,3.794,563800.0,3.795,2700.0
4814,2018-06-04,09:32:04,3.7965,3.796,4665200.0,3.796,164300.0,3.797,40600.0
4815,2018-06-04,09:32:07,3.7954999999999997,3.794,4837400.0,3.795,4000.0,3.796,71600.0
4816,2018-06-04,09:32:10,3.7945,3.795,4841400.0,3.794,546700.0,3.795,180700.0
4817,2018-06-04,09:32:13,3.7945,3.795,4858000.0,3.794,546700.0,3.795,164100.0
4818,2018-06-04,09:32:16,3.7945,3.795,4858000.0,3.794,546700.0,3.795,173100.0
4819,2018-06-04,09:32:19,3.7945,3.795,4988000.0,3.794,546700.0,3.795,43100.0
4820,2018-06-04,09:32:22,3.7945,3.794,5007600.0,3.794,527100.0,3.795,43100.0
4821,2018-06-04,09:32:25,3.7954999999999997,3.795,5058700.0,3.795,26800.0,3.796,16500.0
4822,2018-06-04,09:32:28,3.7954999999999997,3.795,5071500.0,3.795,15000.0,3.796,26800.0
4823,2018-06-04,09:32:31,3.7945,3.795,5088500.0,3.794,520600.0,3.795,31700.0
4824,2018-06-04,09:32:34,3.7960000000000003,3.795,5787100.0,3.795,111700.0,3.797,561400.0
4825,2018-06-04,09:32:37,3.7954999999999997,3.796,5800900.0,3.795,300300.0,3.796,1000.0
4826,2018-06-04,09:32:40,3.7965,3.796,5806900.0,3.796,1800.0,3.797,523500.0
4827,2018-06-04,09:32:43,3.7960000000000003,3.796,5808700.0,3.795,6600.0,3.797,523500.0
4828,2018-06-04,09:32:46,3.794,3.795,6754000.0,3.793,300100.0,3.795,19300.0
4829,2018-06-04,09:32:49,3.794,3.795,6754200.0,3.793,300100.0,3.795,28100.0
4830,2018-06-04,09:32:52,3.7945,3.795,6754200.0,3.794,300100.0,3.795,28100.0
4831,2018-06-04,09:32:55,3.794,3.795,6754200.0,3.793,300100.0,3.795,35100.0
4832,2018-06-04,09:32:58,3.7935,3.795,6784200.0,3.792,313600.0,3.795,35100.0
4833,2018-06-04,09:33:01,3.7935,3.795,6784700.0,3.792,313600.0,3.795,34600.0
4834,2018-06-04,09:33:04,3.7925,3.795,7022600.0,3.792,13500.0,3.793,300000.0
4835,2018-06-04,09:33:07,3.7935,3.795,7391900.0,3.792,303700.0,3.795,46700.0
4836,2018-06-04,09:33:10,3.7935,3.795,7391900.0,3.792,303700.0,3.795,496700.0
4837,2018-06-04,09:33:13,3.794,3.795,7391900.0,3.793,465900.0,3.795,501500.0
4838,2018-06-04,09:33:16,3.794,3.793,7444200.0,3.793,414400.0,3.795,500900.0
4839,2018-06-04,09:33:19,3.7935,3.794,7456100.0,3.793,404400.0,3.794,68300.0
4840,2018-06-04,09:33:22,3.7935,3.793,7457100.0,3.793,403400.0,3.794,318300.0
4841,2018-06-04,09:33:25,3.7935,3.794,7591100.0,3.793,403400.0,3.794,187600.0
4842,2018-06-04,09:33:28,3.7945,3.794,7848600.0,3.794,42600.0,3.795,469100.0
4843,2018-06-04,09:33:31,3.7945,3.794,8152700.0,3.794,296000.0,3.795,161000.0
4844,2018-06-04,09:33:34,3.7954999999999997,3.795,8343200.0,3.795,51400.0,3.796,623600.0
4845,2018-06-04,09:33:37,3.7954999999999997,3.795,8343200.0,3.795,351500.0,3.796,623600.0
4846,2018-06-04,09:33:40,3.7954999999999997,3.795,9145500.0,3.795,149300.0,3.796,323500.0
4847,2018-06-04,09:33:43,3.7965,3.796,9482000.0,3.796,276700.0,3.797,521500.0
4848,2018-06-04,09:33:46,3.7945,3.795,9484600.0,3.794,300100.0,3.795,8700.0
4849,2018-06-04,09:33:49,3.7954999999999997,3.795,9493300.0,3.795,292000.0,3.796,2100.0
4850,2018-06-04,09:33:52,3.7965,3.796,9523300.0,3.796,345200.0,3.797,521500.0
4851,2018-06-04,09:33:55,3.7965,3.796,9597700.0,3.796,70000.0,3.797,521500.0
4852,2018-06-04,09:33:58,3.7965,3.796,9597700.0,3.796,70100.0,3.797,521500.0
4853,2018-06-04,09:34:01,3.7965,3.796,9606600.0,3.796,66200.0,3.797,521500.0
4854,2018-06-04,09:34:04,3.7965,3.797,9609400.0,3.796,66200.0,3.797,518700.0
4855,2018-06-04,09:34:07,3.7965,3.796,9659400.0,3.796,16200.0,3.797,518700.0
4856,2018-06-04,09:34:10,3.7954999999999997,3.796,9675600.0,3.795,121000.0,3.796,40000.0
4857,2018-06-04,09:34:13,3.7954999999999997,3.796,9675600.0,3.795,107900.0,3.796,55100.0
4858,2018-06-04,09:34:16,3.7945,3.795,9783500.0,3.794,6900.0,3.795,44300.0
4859,2018-06-04,09:34:19,3.7935,3.794,9800600.0,3.793,405400.0,3.794,40000.0
4860,2018-06-04,09:34:22,3.794,3.795,9803500.0,3.793,105300.0,3.795,270700.0
4861,2018-06-04,09:34:25,3.7935,3.795,9803500.0,3.793,105300.0,3.794,26200.0
4862,2018-06-04,09:34:28,3.7935,3.794,9811100.0,3.793,105300.0,3.794,18600.0
4863,2018-06-04,09:34:31,3.7935,3.794,9812000.0,3.793,105300.0,3.794,17700.0
4864,2018-06-04,09:34:34,3.7925,3.793,9920300.0,3.792,16500.0,3.793,40000.0
4865,2018-06-04,09:34:37,3.7925,3.793,9922300.0,3.792,16500.0,3.793,4400.0
4866,2018-06-04,09:34:40,3.7925,3.793,9922300.0,3.792,16500.0,3.793,7200.0
4867,2018-06-04,09:34:43,3.7925,3.793,9922300.0,3.792,16500.0,3.793,27200.0
4868,2018-06-04,09:34:46,3.7915,3.792,9941400.0,3.791,45100.0,3.792,37400.0
4869,2018-06-04,09:34:49,3.7904999999999998,3.791,9986500.0,3.79,44500.0,3.791,40000.0
4870,2018-06-04,09:34:52,3.791,3.791,9986500.0,3.79,44500.0,3.792,32900.0
4871,2018-06-04,09:34:55,3.791,3.791,9986500.0,3.79,44500.0,3.792,42900.0
4872,2018-06-04,09:34:58,3.7904999999999998,3.791,9986600.0,3.79,44500.0,3.791,224200.0
4873,2018-06-04,09:35:01,3.7895000000000003,3.79,10040800.0,3.789,23200.0,3.79,37000.0
4874,2018-06-04,09:35:04,3.7904999999999998,3.79,10042800.0,3.79,1000.0,3.791,221400.0
4875,2018-06-04,09:35:07,3.7895000000000003,3.79,10087400.0,3.789,23200.0,3.79,20000.0
4876,2018-06-04,09:35:10,3.7895000000000003,3.79,10087400.0,3.789,23200.0,3.79,20000.0
4877,2018-06-04,09:35:13,3.7895000000000003,3.79,10087400.0,3.789,23200.0,3.79,59300.0
4878,2018-06-04,09:35:16,3.7895000000000003,3.79,10087400.0,3.789,23200.0,3.79,59300.0
4879,2018-06-04,09:35:19,3.7895000000000003,3.789,10088400.0,3.789,22200.0,3.79,62300.0
4880,2018-06-04,09:35:22,3.7895000000000003,3.789,10105000.0,3.789,5600.0,3.79,62300.0
4881,2018-06-04,09:35:25,3.7889999999999997,3.79,10130600.0,3.788,44600.0,3.79,56700.0
4882,2018-06-04,09:35:28,3.7885,3.79,10130600.0,3.788,49600.0,3.789,130000.0
4883,2018-06-04,09:35:31,3.7885,3.789,10139600.0,3.788,49600.0,3.789,131000.0
4884,2018-06-04,09:35:34,3.7885,3.789,10162800.0,3.788,49600.0,3.789,136900.0
4885,2018-06-04,09:35:37,3.7885,3.788,10182800.0,3.788,29600.0,3.789,323100.0
4886,2018-06-04,09:35:40,3.7874999999999996,3.788,10216800.0,3.787,662200.0,3.788,15600.0
4887,2018-06-04,09:35:43,3.787,3.787,10879000.0,3.786,23000.0,3.788,700.0
4888,2018-06-04,09:35:46,3.7874999999999996,3.787,11379000.0,3.787,100100.0,3.788,700.0
4889,2018-06-04,09:35:49,3.7865,3.787,11530900.0,3.786,623100.0,3.787,379500.0
4890,2018-06-04,09:35:52,3.7865,3.787,11530900.0,3.786,623100.0,3.787,282400.0
4891,2018-06-04,09:35:55,3.7865,3.787,11547400.0,3.786,13000.0,3.787,456700.0
4892,2018-06-04,09:35:58,3.7855,3.785,11563400.0,3.785,89100.0,3.786,110300.0
4893,2018-06-04,09:36:01,3.7855,3.785,11568600.0,3.785,88900.0,3.786,121400.0
4894,2018-06-04,09:36:04,3.7845,3.785,11657500.0,3.784,600200.0,3.785,4300.0
4895,2018-06-04,09:36:07,3.7845,3.785,11657500.0,3.784,600200.0,3.785,250000.0
4896,2018-06-04,09:36:10,3.7845,3.785,11660500.0,3.784,100.0,3.785,247000.0
4897,2018-06-04,09:36:13,3.7845,3.785,11660500.0,3.784,100.0,3.785,248600.0
4898,2018-06-04,09:36:16,3.7835,3.784,11669000.0,3.783,636500.0,3.784,399900.0
4899,2018-06-04,09:36:19,3.7845,3.784,12068900.0,3.784,17200.0,3.785,243300.0
4900,2018-06-04,09:36:22,3.7845,3.784,12068900.0,3.784,17200.0,3.785,243300.0
4901,2018-06-04,09:36:25,3.7835,3.784,12097600.0,3.783,941700.0,3.784,78400.0
4902,2018-06-04,09:36:28,3.7835,3.784,12097800.0,3.783,941700.0,3.784,78200.0
4903,2018-06-04,09:36:31,3.7845,3.784,12176000.0,3.784,646800.0,3.785,424100.0
4904,2018-06-04,09:36:34,3.7855,3.785,12600100.0,3.785,600100.0,3.786,80000.0
4905,2018-06-04,09:36:37,3.7855,3.785,12600100.0,3.785,600100.0,3.786,80000.0
4906,2018-06-04,09:36:40,3.7865,3.786,12685100.0,3.786,515100.0,3.787,272700.0
4907,2018-06-04,09:36:43,3.7865,3.786,12685100.0,3.786,40000.0,3.787,272700.0
4908,2018-06-04,09:36:46,3.7865,3.786,12717100.0,3.786,610200.0,3.787,272700.0
4909,2018-06-04,09:36:49,3.7874999999999996,3.787,12989800.0,3.787,22800.0,3.788,60000.0
4910,2018-06-04,09:36:52,3.7885,3.788,13054400.0,3.788,539100.0,3.789,102800.0
4911,2018-06-04,09:36:55,3.7880000000000003,3.787,13254400.0,3.787,419300.0,3.789,102800.0
4912,2018-06-04,09:36:58,3.7880000000000003,3.787,13504400.0,3.787,3600.0,3.789,102800.0
4913,2018-06-04,09:37:01,3.7865,3.787,13518000.0,3.786,665000.0,3.787,6400.0
4914,2018-06-04,09:37:04,3.7865,3.787,13520000.0,3.786,965000.0,3.787,75300.0
4915,2018-06-04,09:37:07,3.7865,3.786,13521000.0,3.786,664000.0,3.787,75300.0
4916,2018-06-04,09:37:10,3.785,3.786,13584900.0,3.784,647100.0,3.786,186100.0
4917,2018-06-04,09:37:13,3.7855,3.786,13585100.0,3.785,900100.0,3.786,185900.0
4918,2018-06-04,09:37:16,3.785,3.786,13645400.0,3.784,647100.0,3.786,163000.0
4919,2018-06-04,09:37:19,3.7845,3.786,13654600.0,3.784,947100.0,3.785,11600.0
4920,2018-06-04,09:37:22,3.785,3.786,13675900.0,3.784,647100.0,3.786,146900.0
4921,2018-06-04,09:37:25,3.7855,3.786,13684900.0,3.785,500.0,3.786,141700.0
4922,2018-06-04,09:37:28,3.785,3.784,13689500.0,3.784,47400.0,3.786,241700.0
4923,2018-06-04,09:37:31,3.785,3.784,13689500.0,3.784,47400.0,3.786,241700.0
4924,2018-06-04,09:37:34,3.785,3.786,13709500.0,3.784,47200.0,3.786,221700.0
4925,2018-06-04,09:37:37,3.7845,3.785,13712300.0,3.784,51900.0,3.785,249900.0
4926,2018-06-04,09:37:40,3.7845,3.785,13733300.0,3.784,16100.0,3.785,269200.0
4927,2018-06-04,09:37:43,3.7845,3.785,13742000.0,3.784,34400.0,3.785,238100.0
4928,2018-06-04,09:37:46,3.7845,3.785,13742400.0,3.784,34400.0,3.785,237700.0
4929,2018-06-04,09:37:49,3.7855,3.785,13980100.0,3.785,362400.0,3.786,183200.0
4930,2018-06-04,09:37:52,3.7855,3.785,14098100.0,3.785,247200.0,3.786,183200.0
4931,2018-06-04,09:37:55,3.7855,3.785,14098100.0,3.785,2800.0,3.786,183200.0
4932,2018-06-04,09:37:58,3.7855,3.785,14101700.0,3.785,949300.0,3.786,183200.0
4933,2018-06-04,09:38:01,3.7855,3.785,14101700.0,3.785,963200.0,3.786,183200.0
4934,2018-06-04,09:38:04,3.7865,3.787,14310000.0,3.786,727200.0,3.787,19300.0
4935,2018-06-04,09:38:07,3.7874999999999996,3.787,14329300.0,3.787,280700.0,3.788,8000.0
4936,2018-06-04,09:38:10,3.7874999999999996,3.787,14339300.0,3.787,912000.0,3.788,258000.0
4937,2018-06-04,09:38:13,3.7885,3.789,14647400.0,3.788,312500.0,3.789,42700.0
4938,2018-06-04,09:38:16,3.7895000000000003,3.789,14690100.0,3.789,607500.0,3.79,51600.0
4939,2018-06-04,09:38:19,3.7895000000000003,3.79,14690200.0,3.789,25800.0,3.79,51500.0
4940,2018-06-04,09:38:22,3.7895000000000003,3.789,14692500.0,3.789,924400.0,3.79,50700.0
4941,2018-06-04,09:38:25,3.79,3.79,14745900.0,3.789,924400.0,3.791,100.0
4942,2018-06-04,09:38:28,3.7904999999999998,3.79,14745900.0,3.79,916100.0,3.791,100.0
4943,2018-06-04,09:38:31,3.7915,3.791,14746000.0,3.791,4900.0,3.792,3000.0
4944,2018-06-04,09:38:34,3.7915,3.791,14746000.0,3.791,916600.0,3.792,253000.0
4945,2018-06-04,09:38:37,3.7925,3.793,15277900.0,3.791,32000.0,3.794,300000.0
4946,2018-06-04,09:38:40,3.7915,3.791,15283000.0,3.791,326900.0,3.792,15300.0
4947,2018-06-04,09:38:43,3.7915,3.791,15291455.0,3.791,11345.0,3.792,6900.0
4948,2018-06-04,09:38:46,3.7915,3.792,15291655.0,3.791,11345.0,3.792,6700.0
4949,2018-06-04,09:38:49,3.7915,3.792,15291655.0,3.791,11345.0,3.792,6700.0
4950,2018-06-04,09:38:52,3.7915,3.792,15291655.0,3.791,11345.0,3.792,6700.0
4951,2018-06-04,09:38:55,3.7915,3.792,15297055.0,3.791,11345.0,3.792,1300.0
4952,2018-06-04,09:38:58,3.7925,3.792,15298355.0,3.792,298700.0,3.793,14400.0
4953,2018-06-04,09:39:01,3.7925,3.792,15377955.0,3.792,838800.0,3.793,1400.0
4954,2018-06-04,09:39:04,3.794,3.793,15751255.0,3.793,17900.0,3.795,697000.0
4955,2018-06-04,09:39:07,3.793,3.791,16329555.0,3.791,374345.0,3.795,697000.0
4956,2018-06-04,09:39:10,3.7935,3.791,16329555.0,3.792,300000.0,3.795,667000.0
4957,2018-06-04,09:39:13,3.793,3.791,16329555.0,3.792,500.0,3.794,50100.0
4958,2018-06-04,09:39:16,3.793,3.791,16329555.0,3.792,300500.0,3.794,50300.0
4959,2018-06-04,09:39:19,3.793,3.791,16329555.0,3.792,300500.0,3.794,50300.0
4960,2018-06-04,09:39:22,3.7915,3.792,16662755.0,3.791,600100.0,3.792,129400.0
4961,2018-06-04,09:39:25,3.791,3.792,17010355.0,3.79,616100.0,3.792,9400.0
4962,2018-06-04,09:39:28,3.7915,3.792,17010455.0,3.791,600100.0,3.792,10900.0
4963,2018-06-04,09:39:31,3.791,3.792,17010455.0,3.79,16000.0,3.792,10900.0
4964,2018-06-04,09:39:34,3.791,3.792,17010455.0,3.79,16000.0,3.792,10900.0
4965,2018-06-04,09:39:37,3.791,3.792,17010755.0,3.79,16000.0,3.792,10600.0
4966,2018-06-04,09:39:40,3.7904999999999998,3.791,17013755.0,3.79,16000.0,3.791,44700.0
4967,2018-06-04,09:39:43,3.7904999999999998,3.791,17013755.0,3.79,18000.0,3.791,44700.0
4968,2018-06-04,09:39:46,3.7904999999999998,3.791,17013755.0,3.79,918100.0,3.791,44700.0
4969,2018-06-04,09:39:49,3.7915,3.791,17058455.0,3.791,605400.0,3.792,10600.0
4970,2018-06-04,09:39:52,3.7925,3.792,17069055.0,3.792,189400.0,3.793,34000.0
4971,2018-06-04,09:39:55,3.7925,3.792,17070555.0,3.792,187900.0,3.793,34000.0
4972,2018-06-04,09:39:58,3.7925,3.792,17070555.0,3.792,788000.0,3.793,34000.0
4973,2018-06-04,09:40:01,3.7925,3.792,17070555.0,3.792,187900.0,3.793,34000.0
4974,2018-06-04,09:40:04,3.7935,3.793,17074555.0,3.793,1000.0,3.794,297400.0
4975,2018-06-04,09:40:07,3.7925,3.793,17077555.0,3.792,187900.0,3.793,38000.0
4976,2018-06-04,09:40:10,3.7935,3.793,17077555.0,3.793,1300.0,3.794,297400.0
4977,2018-06-04,09:40:13,3.7925,3.793,17083355.0,3.792,187900.0,3.793,35500.0
4978,2018-06-04,09:40:16,3.793,3.793,17083355.0,3.792,197900.0,3.794,297400.0
4979,2018-06-04,09:40:19,3.7935,3.793,17185355.0,3.793,33000.0,3.794,197400.0
4980,2018-06-04,09:40:22,3.7935,3.793,17188355.0,3.793,40900.0,3.794,197400.0
4981,2018-06-04,09:40:25,3.7935,3.794,17232655.0,3.793,6600.0,3.794,187400.0
4982,2018-06-04,09:40:28,3.7935,3.794,17236855.0,3.793,27500.0,3.794,183200.0
4983,2018-06-04,09:40:31,3.7935,3.794,17236855.0,3.793,28500.0,3.794,183200.0
4984,2018-06-04,09:40:34,3.7935,3.793,17238255.0,3.793,27100.0,3.794,183200.0
4985,2018-06-04,09:40:37,3.7935,3.793,17238255.0,3.793,27100.0,3.794,184800.0
4986,2018-06-04,09:40:40,3.7935,3.793,17238255.0,3.793,627200.0,3.794,220600.0
4987,2018-06-04,09:40:43,3.7935,3.793,17238255.0,3.793,27400.0,3.794,220600.0
4988,2018-06-04,09:40:46,3.7935,3.793,17269755.0,3.793,603000.0,3.794,220600.0
4989,2018-06-04,09:40:49,3.7945,3.795,17790355.0,3.794,384200.0,3.795,247000.0
4990,2018-06-04,09:40:52,3.795,3.796,18097555.0,3.794,423600.0,3.796,247200.0
4991,2018-06-04,09:40:55,3.795,3.796,18097555.0,3.794,431400.0,3.796,247200.0
